2716 4784
595 377 771 439 -181-

140 505 197 581 siti,
212 507 373 570 Vincentius
386 507 536 585 Belicentz,
560 509 725 590 Ilugoninus
741 509 777 572 de
797 510 977 593 Cologniaco,
996 512 1165 574 Ilumbertus
1182 511 1218 573 de

141 602 267 681 Bastida,
279 611 291 664 I
295 605 419 667 ohannes
433 605 468 667 de
480 606 646 668 Montaneis.

186 718 271 780 1027.
288 709 368 778 Item,
381 702 466 785 quod.
484 703 696 766 instrumentum
711 703 788 785 publ.
807 705 964 768 conlectum
979 724 1061 767 manu
1080 704 1218 767 Guillelmi

139 797 175 860 de
193 797 359 880 savigniaco
373 800 472 862 notarii
486 801 563 885 publ.
578 800 719 863 sub'anno
730 808 839 863 Incam.
855 802 908 863 Diri
924 809 1153 878 II0CCC0XXV0,
1171 800 1217 863 die

138 907 219 955 xnrna
230 894 396 972 decembris,
411 894 507 959 indict.
525 910 575 973 un,
590 896 736 959 continens
750 897 929 959 donationem
942 897 1105 960 interrivos
1117 898 1217 960 laetam

139 1008 192 1072 per
205 993 359 1055 Iohannem
369 993 510 1056 dominum
529 994 728 1076 Montislupelli
746 994 825 1056 dom⁰
844 994 965 1056 IIenrico
980 994 1118 1076 Dalphini,
1137 994 1219 1056 baro·

138 1088 248 1150 niarum
274 1090 467 1152 Montisalbani
486 1104 514 1153 et
534 1091 709 1153 Medullionis
727 1091 851 1169 domino,
868 1093 903 1154 de
920 1093 1017 1155 castris
1029 1093 1064 1155 de
1082 1093 1219 1156 Montelu·

138 1183 225 1266 pello,
243 1181 279 1247 de
294 1186 418 1249 vallibus
433 1200 461 1249 et
473 1186 508 1249 de
517 1187 625 1250 bastida
638 1187 674 1250 de
689 1195 784 1251 Monte
801 1189 917 1270 Lupello
937 1209 1026 1272 prope
1041 1191 1218 1274 Iohannages

138 1301 205 1344 cum
221 1282 280 1362 ejus
292 1283 398 1363 juribus
415 1298 443 1346 et
461 1284 644 1366 pertinentiis.

187 1382 271 1441 1028.
290 1388 369 1457 Item,
386 1381 472 1463 quod.
488 1381 523 1443 al.
546 1381 758 1445 instrumentum
780 1383 937 1446 conlectum
952 1403 1035 1445 manu
1051 1390 1152 1447 Franc.
1183 1384 1218 1447 de

139 1478 314 1557 Montejoco,
339 1478 408 1541 ciuis
426 1479 523 1560 Papie,
539 1480 591 1541 sub
604 1499 677 1542 anno
693 1487 803 1544 Incam.
817 1481 871 1542 Dr'ri
886 1487 1114 1544 M⁰CCC⁰IIIIVI⁰
1127 1495 1155 1544 et
1173 1480 1218 1544 die

138 1595 193 1637 xrn
206 1575 308 1637 mensis
322 1575 448 1655 januarii,
465 1576 610 1638 continens
626 1577 861 1658 permutacionem
875 1577 975 1640 iactam
989 1577 1122 1659 perdum.
1142 1586 1217 1641 Hen-

133 1673 230 1769 JIcum
244 1672 370 1754 Dalphini
389 1692 452 1734 cum
463 1673 588 1735 Iohanne
600 1673 636 1736 de
647 1673 856 1754 Montelupello,
871 1673 906 1736 de
921 1687 1012 1736 castro
1027 1673 1154 1736 Miribelli
1170 1674 1219 1737 ba-

138 1770 283 1832 roniarum
298 1770 472 1835 Medulliouis
485 1790 547 1832 cum
571 1784 664 1834 castro
679 1772 714 1834 de
732 1772 926 1853 Bellaguarda,
941 1771 1139 1852 cumpluribus
1152 1790 1218 1853 pac·

137 1868 264 1932 tionibus
288 1881 316 1931 et
324 1869 555 1932 conventionibus
566 1869 593 1931 in
607 1870 682 1933 ditto
697 1870 792 1933 instr¹⁰
803 1870 960 1952 descriptis.

186 1985 270 2047 1029.
300 1974 379 2043 Item,
396 1967 607 2030 instrumentum
621 1967 699 2048 publ.
715 1967 848 2049 scriptum
863 1988 945 2029 manu
961 1975 1062 2030 Franc.
1081 1967 1116 2030 de
1138 1975 1219 2031 Mon-

137 2062 235 2140 tejoco
260 2063 359 2125 notarii
384 2064 462 2146 publ.
496 2064 548 2127 sub
571 2083 645 2126 anno
676 2064 729 2126 oni
757 2071 994 2141 II⁰CCC⁰IIIIVI⁰,
1010 2063 1151 2126 dievidel.
1166 2077 1218 2124 xu³

139 2160 246 2224 mensis
274 2161 400 2240 januarii,
417 2162 570 2231 ¹continens
597 2162 775 2224 donationem
808 2162 909 2224 iactam
933 2182 983 2244 per
1002 2163 1155 2225 Iohannem
1182 2161 1217 2223 de

142 2259 346 2340 Montelupello
361 2258 438 2321 dom⁰
450 2258 580 2341 dalphino
590 2273 743 2322 castrorum
757 2260 850 2322 Sancti
863 2260 963 2323 Donati
980 2273 1008 2322 et
1021 2259 1215 2341 Belleguarde‚

138 2356 194 2421 sub
212 2355 335 2437 pluribus
347 2355 551 2418 conditionibus
565 2369 592 2418 et
605 2356 778 2436 pactionibus
792 2356 820 2418 in
833 2355 908 2430 dicto
920 2356 1012 2418 instr¹⁰
1027 2355 1175 2418 contentis.

189 2471 273 2527 1030.
294 2460 372 2529 Item,
398 2452 485 2534 quod.
510 2452 721 2515 instrumentum
736 2453 867 2534 scriptum
882 2453 925 2535 (ur
936 2453 1078 2536 procedet.)
1095 2465 1123 2515 et
1135 2452 1220 2515 subs-

139 2551 261 2632 criptum
274 2549 356 2612 etiarn
371 2562 399 2611 et
410 2549 547 2631 signatum
562 2568 644 2610 manu
664 2549 800 2643 (guillelmi
822 2549 858 2612 de
879 2549 1043 2630 savigniaco
1058 2561 1116 2612 not.
1134 2549 1215 2630 pub.,

139 2648 289 2712 continens
305 2646 534 2728 permutationem
550 2647 651 2708 factam
674 2644 746 2709 inter
772 2647 847 2709 dom.
869 2647 1018 2709 IIenricum
1042 2645 1168 2727 Dalphini
1184 2665 1219 2708 ex

140 2765 199 2807 una
212 2758 290 2825 parte
307 2757 334 2806 et
342 2744 495 2805 Iohannem
507 2743 542 2805 de
555 2750 650 2805 Monte
665 2742 780 2824 Lupello
795 2763 829 2805 ex
845 2743 942 2822 altera,
962 2744 997 2806 de
1014 2743 1111 2806 castris
1135 2751 1220 2804 Mon-

140 2840 284 2921 tislupelli,
306 2839 414 2903 bastide
441 2840 637 2923 Montislupelli
659 2854 688 2903 et
710 2840 745 2902 de
776 2840 898 2903 Vallibus
922 2860 985 2903 cum
1009 2839 1106 2902 castris
1126 2841 1219 2903 Sancti

144 2938 248 3004 Donati
284 2937 446 3000 Viennensis
481 2938 619 3015 diocesis,
654 2937 689 3001 de
724 2947 844 3020 Loyetes
875 2938 1039 3019 Lugdunen.
1075 2938 1214 3014 diocesis,

143 3034 274 3098 miribelli
288 3035 437 3097 vasionen.
455 3035 584 3112 diocesis,
602 3055 665 3098 cum
687 3034 811 3117 pluribus
834 3034 1008 3116 pactionibus
1032 3046 1059 3097 et
1079 3035 1219 3098 conditio-

142 3132 265 3195 nibus...

192 3247 275 3308 1031.
291 3235 370 3306 Item,
386 3226 472 3310 quod.
498 3227 535 3290 al.
564 3228 774 3291 instrumentum
799 3228 841 3311 <ut
861 3228 959 3310 1029),
982 3228 1129 3291 continens
1143 3227 1218 3310 quod

142 3327 286 3389 Iohannes
304 3325 339 3388 de
364 3325 562 3406 Montelupello
591 3326 775 3389 confitebatur
800 3326 851 3388 sibi
882 3326 964 3407 plene
980 3337 1220 3406 recompensatum

142 3425 253 3487 forest
283 3424 402 3485 solutum
428 3443 445 3484 a
469 3421 546 3484 dom⁰
572 3423 723 3504 II(enrico)
751 3420 888 3503 Dalphino
920 3420 955 3482 de
975 3433 1067 3483 castro
1093 3419 1219 3482 Miribelli

142 3521 295 3585 vasionen.
312 3520 441 3598 diocesis,
454 3534 481 3583 et
490 3521 582 3601 plures
592 3520 644 3583 alie
654 3519 797 3600 pactiones
813 3518 990 3580 continentur
1002 3518 1030 3578 in
1042 3517 1103 3598 ipso
1117 3516 1218 3580 instr10.

192 3635 277 3697 1032.
290 3624 369 3693 Item,
384 3617 514 3699 quodal.
527 3617 737 3681 instrumentum
748 3606 903 3678 conlectum
918 3634 999 3677 manu
1010 3614 1222 3696 StephaniPoy-

145 3735 197 3779 zac
210 3715 310 3778 notarii
318 3714 395 3796 publ.
401 3761 409 3791 ,
420 3715 557 3796 signatum
572 3715 657 3798 signis
672 3713 767 3777 Iacobi
784 3713 893 3776 Martini
917 3726 945 3775 et
966 3711 1103 3774 Guillelmi
1116 3711 1151 3773 de
1168 3717 1221 3774 Sa-

145 3813 276 3896 vigniaco
290 3826 361 3875 nott.
376 3812 478 3894 pubb,
496 3813 641 3876 continens
657 3811 879 3894 recognicionem
889 3811 989 3874 factam
1003 3831 1054 3893 per
1067 3811 1220 3874 Iohannem

147 3913 184 3975 de
202 3911 400 3993 Montelupello
424 3910 502 3974 dom⁰
527 3911 643 3973 Iohanni
667 3910 799 3992 dalphIno
810 3910 845 3971 de
868 3910 939 3972 viIIIs
955 3923 983 3972 et
1011 3900 1162 3990 parrochiis
1185 3911 1221 3974 de

149 4016 258 4092 Bayno,
272 4009 365 4072 Sancti
381 4008 504 4070 Mauricii
514 4008 549 4071 de
564 4016 672 4091 Bayno,
688 4008 723 4071 de
740 4007 873 4084 chailleu,
890 4007 925 4070 de
947 4007 1055 4084 Pisseu,
1071 4007 1106 4069 de
1121 4014 1222 4070 Sancta

149 4115 250 4185 cruce,
277 4107 312 4170 de
331 4106 491 4190 Breyssola,
524 4105 559 4169 de
585 4106 722 4188 Biligneu,
755 4104 791 4168 de
819 4105 924 4168 Nievro
940 4104 1016 4169 etde
1029 4104 1222 4187 omnibusque
1263 4164 1271 4183 ,
