2716 4784
589 406 629 421 -
654 372 769 437 rot.-

139 505 266 567 Bastonis
276 505 387 581 notarii,
398 503 450 567 sub
464 522 537 566 anno
550 503 637 565 Dnice
653 509 763 565 lncarn.
792 508 1019 579 M‘llthxxlx0,
1033 515 1093 563 arua
1108 502 1212 566 kalend.

137 600 205 679 julii,
217 602 362 663 continens
370 600 445 682 quod
461 600 537 662 dorn.
555 607 655 662 Petrus
672 599 707 661 de
720 599 854 662 comeriis
872 599 952 663 miles
973 612 1004 661 et
1016 598 1141 662 Elisabel
1153 618 1213 662 turos

140 697 275 760 Henriscii
290 699 325 759 de
340 697 528 773 Bossoczello,
546 697 658 759 nomine
677 697 800 760 Dionesii
812 696 859 758 lilii
878 696 1008 779 predicte
1028 696 1212 759 Elisabelleet

138 795 214 857 Petri
232 793 377 879 Reynoudi
398 793 528 869 condam,
543 793 662 856 confessi
678 793 790 856 luerunt
803 813 835 855 se
848 792 954 856 debere
970 799 1061 856 Petro
1074 793 1112 855 de
1128 794 1213 856 Rucu-

138 893 216 955 rione
228 906 257 955 et
274 890 397 953 Siboudo
418 891 453 952 de
468 896 642 953 castronovo
664 889 778 952 nomine
794 889 920 953 Dionesii
937 889 1108 972 homagium
1131 889 1212 972 ligiuu

139 1003 167 1052 et
179 1007 215 1050 xx
228 987 310 1050 solid.
327 988 363 1050 de
376 988 477 1069 placito
490 1001 519 1049 et
530 1006 560 1049 se
570 1000 668 1050 tenere
681 985 717 1048 ab
730 986 835 1049 eisdem
850 992 884 1048 Ρ.
902 998 933 1049 et
945 992 978 1049 S.
993 985 1133 1069 quicquid
1148 999 1212 1049 tenet

139 1085 167 1148 in
180 1084 326 1167 parrochia
344 1084 436 1147 Sancti
447 1082 592 1146 Maurucii.

178 1180 247 1261 966.
261 1187 340 1255 Item,
353 1179 440 1262 quod.
458 1179 535 1261 publ.
551 1180 763 1243 instrumentum
776 1196 859 1242 manu
872 1179 1157 1259 uuillelmideumio
1168 1180 1211 1242 sub

139 1293 213 1338 anno
229 1275 283 1337 uni
301 1282 498 1352 Mollthlllw,
509 1275 606 1338 indict.
618 1295 658 1353 vr,
672 1295 709 1338 xv
722 1276 835 1339 kalend.
850 1275 918 1355 julii,
934 1276 1092 1359 sigillatum
1108 1277 1138 1341 in
1148 1297 1211 1359 pen-

139 1373 215 1436 denti
229 1373 318 1453 sigillo
329 1373 407 1435 Flote
418 1373 453 1434 de
470 1373 658 1449 cassenatico,
674 1374 820 1437 continens
836 1373 911 1455 quod
922 1373 999 1437 dicta
1015 1375 1102 1439 Flota
1113 1375 1213 1454 injudi-

138 1469 182 1530 cio
192 1468 319 1531 confessa
333 1468 383 1530 luit
398 1487 428 1530 se
441 1482 536 1531 tenere
546 1489 563 1531 a
573 1468 652 1531 dom⁶
665 1469 797 1551 dalphino
813 1470 944 1552 quicquid
963 1471 1028 1552 ipsa
1043 1472 1160 1535 tenebat
1171 1472 1208 1533 vel

139 1566 208 1628 alius
218 1565 304 1647 ipsius
317 1565 428 1628 nomine
443 1566 471 1627 in
485 1580 544 1628 toto
558 1566 755 1630 mandamento
768 1581 797 1630 et
811 1567 951 1630 territorio
968 1568 1009 1631 de
1028 1569 1211 1632 Cassenatico.

179 1664 248 1743 967.
276 1669 355 1739 ltem,
383 1662 469 1743 quod.
498 1664 575 1744 publ.
595 1664 806 1726 instrumentum
833 1664 966 1745 scriptum
993 1684 1083 1728 manu
1108 1665 1213 1749 Nicolay

140 1760 257 1843 Anglici,
277 1759 329 1822 sub
349 1779 422 1825 anno
444 1759 497 1821 Diri
527 1766 738 1836 hl⁰ll⁶LllVll⁰,
763 1773 819 1822 rur0
833 1759 947 1822 kalend.
975 1760 1048 1839 julii,
1075 1763 1213 1825 continem

140 1857 362 1938 recognicionem
378 1857 478 1919 factam
488 1857 568 1918 dom⁰
580 1864 665 1919 Petro
679 1857 790 1920 Aurucii
804 1876 855 1939 per
867 1856 1012 1919 Albertum
1024 1857 1063 1921 de
1073 1860 1212 1943 Theyssio

140 1954 176 2016 de
201 1954 349 2017 medietate
364 1955 490 2017 lortalicii
504 1954 603 2017 domus
621 1956 723 2017 Montis
735 1955 825 2018 Fortis
839 1968 867 2027 et
880 1953 917 2017 de
930 1954 984 2017 biis
997 1975 1055 2038 que
1067 1957 1214 2021 tenebatis

141 2051 337 2113 mandamento
348 2051 450 2113 Montis
466 2052 556 2114 Fortis
565 2066 593 2115 et
609 2052 711 2115 Montis
726 2052 846 2115 Bonodi.

180 2148 248 2228 968.
267 2154 347 2223 Item,
369 2147 455 2227 quod.
472 2147 682 2211 instrumentum
700 2148 832 2230 scriptum
846 2166 929 2209 manu
943 2148 1084 2229 aymonis
1107 2148 1211 2212 Combri

141 2245 251 2322 notarii,
268 2245 320 2307 sub
334 2265 407 2307 anno
420 2247 473 2308 nni
489 2253 698 2323 M0110LXV110,
712 2246 797 2309 indic.
813 2259 866 2322 xu,
880 2244 925 2307 die
938 2245 1005 2308 lune
1021 2247 1215 2329 proximapost

139 2343 278 2405 lestumbi
301 2343 422 2419 hndree,
441 2344 586 2406 continens
605 2343 692 2425 quod.
720 2343 796 2405 dom.
818 2342 967 2406 Gonterius
990 2343 1029 2406 de
1048 2345 1215 2409 Brianczone

141 2441 219 2503 miles
232 2440 386 2531 albergavit
411 2440 530 2521 Guigoni
544 2441 580 2504 de
594 2447 696 2503 Sancto
718 2442 843 2503 Iohanne
854 2439 941 2523 quod.
957 2440 1053 2503 casale
1066 2454 1099 2504 et
1110 2442 1214 2505 domum

141 2538 242 2600 ibidem
253 2536 418 2600 edifficatam
431 2537 512 2600 sitam
527 2537 601 2619 apud
616 2537 785 2614 Thovetum,
798 2537 860 2600 loco
882 2536 1032 2618 vulgaliter
1040 2539 1180 2620 appellato
1190 2539 1213 2600 lo

141 2643 257 2716 verger,
276 2655 409 2698 unacum
426 2634 557 2716 quibusd.
574 2634 796 2716 possessionibus
812 2634 915 2696 ibidem
928 2633 1039 2715 positis.

181 2733 250 2815 969.
281 2739 367 2808 ltem,
403 2732 490 2813 quod.
526 2730 603 2813 publ.
636 2731 847 2793 instrumentum
873 2729 1008 2811 scriptum
1033 2752 1137 2796 manu·
1149 2732 1216 2795 Petri

140 2829 261 2890 Anselmi
271 2829 370 2890 notarii
394 2829 472 2910 publ.
488 2829 540 2891 sub
551 2848 625 2891 anno
636 2832 875 2903 nullenxxvlu,
890 2827 975 2890 indic.
994 2843 1038 2906 ve,
1054 2849 1096 2892 xv
1108 2828 1214 2893 kalend.

140 2925 261 3006 augusti,
291 2925 436 2987 continens
461 2926 536 3007 quod
567 2933 667 2988 Petrus
690 2924 779 2986 Millel
797 2925 941 2988 confessus
963 2922 1017 3003 luit
1040 2946 1073 2989 se
1090 2941 1216 2991 tenerer

142 3021 275 3104 Syboudo
290 3019 325 3083 de
340 3026 438 3084 Castro
454 3029 548 3099 Novo,
571 3022 615 3086 cui
629 3022 759 3084 dominus
779 3022 924 3099 successit,
943 3041 988 3086 res
1015 3023 1214 3109 infrascriptos,

140 3117 225 3180 videl.
242 3117 417 3180 medietatem
433 3137 473 3180 nu
484 3119 678 3182 falcaturarum
695 3117 767 3199 prati
780 3137 843 3180 curn
859 3117 1013 3203 dy(midia)
1031 3120 1062 3183 in
1076 3122 1216 3202 parrochia

142 3215 234 3278 sancti
250 3215 369 3277 hlauritii
379 3216 454 3295 juxta
464 3230 573 3298 pratum
588 3215 747 3277 Ysmidonis
767 3214 908 3296 Chapusii,
936 3216 1003 3279 item
1018 3219 1214 3284 medietateur

139 3315 272 3378 falcatore
286 3313 356 3396 prati
366 3314 441 3393 juxta
454 3326 562 3395 pratum
573 3311 709 3374 Guillelmi
723 3312 792 3374 ville
801 3325 830 3374 et
841 3312 934 3393 plures
941 3312 1010 3375 alias
1020 3334 1067 3377 res
1076 3331 1216 3383 contentas

139 3413 167 3474 in
183 3412 257 3476 dicto
271 3411 377 3488 instr¹⁰,
395 3409 432 3471 ad
445 3429 559 3471 censum
574 3428 593 3470 u
610 3408 788 3471 sestariorum
811 3428 911 3486 avene,
929 3428 969 3479 ¹1¹1
990 3406 1141 3475 sestarior.
1167 3414 1215 3476 vini

141 3508 201 3589 puri
214 3522 241 3570 et
251 3520 348 3589 quarte
361 3506 448 3587 partis
470 3526 477 3567 t
502 3505 614 3588 boyssie
635 3519 664 3567 et
684 3505 836 3589 dy(midie)
857 3507 969 3588 canapis
982 3520 1012 3570 et
1033 3527 1061 3570 rx
1082 3511 1167 3574 solid.
1185 3510 1214 3573 de

140 3605 225 3666 tallia.

180 3720 249 3783 970.
268 3708 348 3778 ltem,
363 3699 450 3782 quod.
466 3697 544 3780 publ.
560 3698 773 3762 instrumentum
789 3701 923 3783 scriptum
946 3723 1033 3767 manu
1058 3708 1139 3771 Petri
1154 3715 1211 3769 hro·

140 3795 230 3872 selmi,
253 3797 305 3859 sub
322 3816 396 3859 anno
414 3798 640 3872 M011⁶LXXlll⁰,
658 3796 744 3860 indic.
760 3813 794 3875 1²,
806 3808 859 3861 vu⁰
874 3800 937 3863 idus
961 3801 1135 3881 decembris,
1152 3823 1211 3868 con·

139 3893 231 3955 tinens
242 3894 317 3973 quod
334 3902 471 3976 hymarus
489 3897 638 3959 Guichardi
648 3897 683 3960 de
691 3898 869 3961 Cassenatico
886 3912 915 3961 et
934 3898 1062 3982 Alayssia
1076 3902 1138 3983 ejus
1153 3919 1209 3964 uxor

140 3988 326 4053 vendiderunt
342 3992 465 4056 Siboudo
490 3993 526 4055 de
546 4000 643 4056 Castro
667 4001 748 4058 Novo
766 4015 795 4057 ur
816 3996 921 4078 peticas
942 3996 1090 4061 vinearum
1108 3998 1206 4062 sitarum

139 4090 167 4152 in
184 4088 329 4171 parrochia
348 4090 383 4151 de
405 4092 545 4165 hleolano,
566 4092 802 4156 confrontatarum
825 4094 946 4158 indicto
970 4095 1073 4174 instr¹⁰,
1093 4096 1157 4160 item
1174 4107 1204 4154 1111
