2716 4784
585 394 764 457 ..„,-

134 523 247 571 curator
258 510 358 573 missus
371 530 421 591 per
435 510 512 572 dom.
531 510 697 573 Rossilinum
716 508 823 573 Lunelli
837 522 867 573 et
890 510 1120 577 montisalbani
1138 509 1210 573 domi-

134 626 211 681 num,
238 608 285 689 qui
313 607 442 689 precibus
469 619 497 669 et
520 606 557 669 ob
585 606 775 671 reverenciam
795 621 825 671 et
856 620 1037 689 potestatem
1062 608 1129 671 dicti
1152 606 1212 671 dom

136 704 271 769 Rosselinl
295 705 385 769 dictos
407 704 559 768 amedeum
576 718 605 767 et
629 710 743 767 Petrum
769 723 949 769 cumeorum
974 706 1107 769 exercitu
1129 704 1215 767 retabi

134 800 210 879 lecit,
234 816 262 863 et
287 800 353 882 ipsis
374 800 502 863 retractis
522 800 598 863 venit
616 800 652 863 ad
667 800 785 882 predict.
809 815 935 865 castntm
953 816 985 867 et
1001 803 1102 867 villam
1116 802 1164 865 Dei
1173 820 1217 883 que

134 898 245 961 luerunt
258 898 348 961 eidem
362 912 478 981 apperte
501 916 551 979 per
575 910 709 973 astantes,
727 910 756 961 et
767 896 818 961 luit
829 898 898 963 dict.
912 914 1048 963 castrum
1063 899 1179 983 positum
1194 897 1218 961 in

134 1016 217 1057 manu
232 994 298 1057 dicti
308 994 496 1077 procuratoris
507 1007 535 1057 et
549 994 688 1056 redditum
700 1014 752 1077 pro
767 994 842 1059 bonu
857 994 988 1059 dominio
1001 1016 1059 1079 per
1074 995 1219 1079 religiosum

134 1094 224 1155 virum
236 1094 311 1156 dom.
330 1100 502 1173 Rostagnum
516 1092 552 1153 de
563 1091 701 1168 sabrano,
714 1105 910 1173 preceptorem
927 1092 1000 1157 dicti
1016 1093 1108 1157 castri
1126 1106 1153 1157 et
1167 1090 1220 1169 nile

137 1191 199 1267 Dei,
220 1203 249 1254 et
272 1212 322 1273 per
338 1191 411 1253 diros
434 1190 534 1253 iratres
555 1188 735 1271 Reynerium,
755 1190 1107 1271 preceptoremvarriaci
1121 1204 1149 1253 et
1165 1186 1221 1253 Beli

136 1288 215 1363 Loci,
228 1302 256 1349 et
268 1288 446 1349 Lambertum
457 1287 493 1349 de
508 1284 645 1361 Hontilio,
655 1284 1048 1361 Pelestortum,Guillelrnum
1064 1284 1220 1371 Raymund',

136 1384 237 1447 milites
251 1400 278 1447 et
290 1385 389 1448 lratres
409 1384 561 1467 Hospitalis
576 1384 670 1447 Sancti
683 1384 816 1447 lobannis
830 1384 1023 1463 themsalem,
1043 1400 1076 1449 et
1091 1404 1144 1467 per
1153 1402 1223 1467 quos·

137 1484 201 1545 dam
216 1482 284 1545 alios
300 1484 400 1546 iratres
412 1496 440 1547 et
454 1484 574 1545 donatos
588 1482 654 1547 dicti
667 1482 829 1564 Hospitalis,
844 1482 891 1566 qui
906 1502 1052 1547 unacum
1068 1482 1221 1567 quibusdan

135 1579 196 1644 aliis
210 1595 289 1644 erant
305 1582 333 1644 in
350 1581 502 1645 munitione
517 1580 583 1644 dicti
607 1580 702 1657 castri,
721 1580 795 1645 dicto
810 1581 991 1662 procuratori
1007 1580 1160 1664 recipienti
1180 1598 1222 1641 no·

135 1677 208 1741 mine
223 1678 288 1743 dicti
303 1678 407 1741 domini
424 1677 651 1755 montisalbani3
672 1676 774 1741 deinde
788 1676 879 1741 dictus
893 1678 975 1741 dom.
992 1692 1153 1761 preceptor
1162 1676 1221 1741 Vtile

139 1776 200 1853 Dei,
212 1776 248 1839 de
263 1777 391 1851 consilio,
412 1777 555 1839 voluntate
571 1788 599 1838 et
614 1794 730 1837 assensu
743 1773 862 1855 predict.
878 1774 1004 1847 fratrum,
1014 1790 1049 1839 et
1064 1778 1221 1851 donatontu

136 1872 202 1936 dicti
214 1874 377 1955 Hospitalis,
391 1873 441 1936 luit
456 1886 599 1955 receptum
613 1886 642 1935 et
656 1870 829 1953 recognitum
843 1870 932 1935 teneri
948 1887 980 1936 et
1002 1892 1074 1937 esse
1099 1874 1135 1937 de
1149 1870 1222 1937 leudo

135 1970 201 2033 etin
215 1970 328 2034 feudum
345 1969 411 2033 dicti
422 1970 500 2031 dom.
524 1968 653 2031 Rossilini
669 1989 732 2031 curn
745 1968 805 2049 ejus
820 1968 963 2033 territorio
986 1984 1015 2035 et
1030 1972 1222 2035 mandamento

135 2088 186 2150 per
199 2068 303 2131 dictum
319 2068 395 2130 dom.
410 2083 631 2149 procuratorem,
644 2066 709 2131 etin
721 2066 831 2149 signum
845 2066 911 2129 dicti
922 2066 1004 2131 leudi
1014 2082 1048 2131 et
1060 2068 1172 2149 majoris
1180 2066 1222 2129 do

136 2162 212 2226 minii
225 2164 316 2227 dictus
331 2178 479 2245 preceptor
490 2164 578 2227 voluit
588 2164 664 2245 quod
678 2164 808 2227 vexillum
819 2162 885 2225 dicti
894 2162 975 2227 dom.
995 2166 1136 2230 Rossilini
1148 2182 1222 2247 pune

135 2275 212 2325 retur
226 2282 310 2343 supra
328 2262 394 2325 dict.
415 2277 547 2339 castrum,
565 2275 593 2325 et
606 2261 733 2345 promisit
747 2261 822 2325 idem
834 2264 1129 2345 preceptorpredicta
1140 2263 1222 2327 tacere

137 2358 294 2423 confirmari
309 2380 359 2441 per
369 2374 562 2441 preceptorem
571 2358 664 2422 Sancti
677 2358 777 2441 Egidii.

181 2475 266 2538 ¹445·
290 2464 370 2533 ltem,
396 2456 482 2537 quod.
504 2456 540 2518 al.
568 2456 646 2537 publ.
662 2456 875 2520 instrumentum
889 2471 1040 2540 receptum
1057 2466 1220 2523 manuBet·

135 2554 227 2615 trandi
253 2552 370 2615 stardi
398 2552 497 2627 notarii
526 2552 604 2633 publ.
633 2552 752 2616 condam
777 2553 812 2617 de
827 2553 967 2631 Nihoniis,
982 2555 1039 2618 sub
1072 2577 1148 2620 anno
1174 2554 1220 2619 orl

137 2656 364 2726 m⁰cc⁰xc⁰V1⁰,
379 2669 436 2711 xxm
448 2648 492 2711 die
502 2649 605 2712 mensis
619 2648 754 2726 octobris,
769 2664 797 2713 et
813 2650 841 2712 in
855 2651 973 2713 formam
987 2652 1073 2733 publ.
1085 2653 1220 2717 redactum

136 2767 219 2808 manu
232 2746 371 2810 Vincensii
395 2730 477 2808 Fabri
500 2745 578 2827 publ.
601 2746 713 2822 notarii,
729 2746 874 2810 continens
887 2746 915 2809 in
929 2748 1036 2812 effectu
1051 2747 1131 2833 quod
1146 2748 1221 2811 frater

137 2843 228 2925 Gulgo
244 2842 402 2906 adhemari
422 2843 513 2906 dictus
533 2843 569 2905 de
596 2843 738 2921 Tomello,
765 2844 913 2908 domorum
941 2844 1048 2910 milicie
1077 2843 1220 2927 Templiiu

140 2939 282 3021 provincia
301 2940 448 3003 Provincie
474 2940 616 3022 magister,
642 2941 758 3019 veniens
771 2942 807 3004 ad
821 2940 996 3023 presenciam
1007 2944 1088 3007 dom¹
1105 2940 1221 3026 Hugonis

136 3037 293 3100 Adhemarii
310 3037 414 3111 militis,
429 3037 574 3100 Liberonis
589 3052 618 3101 et
626 3037 805 3101 baroniarum
820 3042 925 3101 Montis
937 3038 1042 3102 Albani
1050 3039 1169 3117 domini,
1179 3058 1220 3101 re-

136 3134 269 3217 cognovit
283 3155 313 3198 se
330 3148 358 3197 et
375 3134 475 3196 dictam
493 3134 622 3198 miliciam
638 3135 746 3217 Templi
759 3149 856 3199 tenere
874 3136 1031 3199 abeodem
1056 3136 1137 3200 dom.
1152 3144 1217 3217 Hug.

137 3247 167 3295 ut
180 3232 285 3295 herede
299 3232 447 3296 universali
462 3232 489 3293 in
505 3232 572 3295 dict.
589 3233 711 3297 baroniis
726 3234 800 3296 doin'
814 3232 956 3296 Ronselini
972 3234 1087 3299 Lunelli
1103 3248 1133 3298 et
1145 3234 1220 3297 baro-

137 3330 244 3393 niarum
268 3330 481 3392 montisalbani
500 3330 604 3392 domini
619 3344 647 3392 et
663 3344 694 3394 ut
707 3330 819 3395 domino
834 3330 902 3393 dict.
917 3330 1117 3411 baroniarum,
1131 3333 1160 3395 in
1169 3332 1218 3395 feu·

137 3428 203 3490 dum
212 3428 349 3502 francum,
364 3426 468 3504 nobile,
480 3428 646 3490 honoratum
654 3442 682 3491 et
691 3428 815 3511 antiqum
824 3442 914 3491 totum
926 3442 1054 3491 castrum
1065 3429 1104 3493 de
1116 3428 1217 3493 Grilone

137 3524 321 3588 Tricatrensis
337 3524 467 3603 diocesis,
484 3546 546 3589 cum
558 3525 664 3605 juribus
679 3539 707 3589 et
721 3526 900 3608 pertinenciis
912 3525 982 3603 suis,
1002 3547 1086 3590 mero
1099 3542 1129 3591 et
1144 3524 1216 3589 mixtu

136 3622 252 3707 imperio
264 3636 292 3686 et
304 3622 479 3701 juridictione
494 3622 664 3701 omnimoda,
682 3623 753 3687 sicut
769 3622 943 3705 protenditur
951 3622 1042 3687 videl.
1055 3645 1074 3689 a
1088 3622 1216 3689 territorio

136 3723 219 3785 castri
234 3722 269 3784 de
284 3722 456 3786 Coroncellis
468 3737 496 3786 et
506 3743 568 3786 cum
578 3722 720 3786 territorio
734 3716 816 3787 castri
828 3723 863 3785 de
877 3720 1043 3805 Graignano
1059 3740 1163 3789 etcum
1172 3739 1217 3787 ter·

136 3818 232 3880 ritorio
247 3820 329 3881 castri
347 3819 381 3887 de
399 3820 547 3898 Varriaco;
567 3820 674 3902 dequo
696 3819 807 3901 quidem
830 3819 914 3882 feudo
931 3819 1027 3883 dictus
1046 3820 1130 3886 dom.
1147 3830 1216 3903 Hugt

137 3913 205 3976 dict.
234 3915 395 3996 magistrum
416 3917 528 3980 retinuit
541 3931 569 3980 et
581 3915 734 3993 investivit,
760 3908 862 3979 etdict.
888 3916 1025 3997 magister
1048 3917 1130 3985 dicto
1152 3920 1215 3983 dom.

139 4020 214 4093 Hug.
230 4026 360 4094 tanquam
385 4013 499 4078 domino
513 4014 581 4079 dict.
595 4014 772 4079 baroniarum
786 4014 852 4077 lecit
873 4012 1037 4095 homagium
1049 4030 1083 4081 et
1100 4012 1218 4099 recogni-

137 4128 256 4173 cionem.
