2716 4784
591 414 769 474 ,ψ

180 529 248 605 827.
266 536 346 603 Item,
367 527 452 607 quod.
470 527 547 608 publ.
564 528 775 590 instrumentum
789 528 920 608 scriptum
937 543 965 591 et
979 529 1116 609 signatum
1133 548 1216 591 manu

138 623 233 685 Pontii
261 623 426 706 Meyllineti,
454 623 541 685 eciam
561 624 699 704 ‘signatum
725 644 807 685 mauu
834 625 987 706 laquemeti
1020 625 1149 702 Randeti,
1164 625 1216 688 sub

136 740 213 782 anno
230 721 283 782 Diri
310 727 581 796 II⁰CCC⁰XXXIX⁰,
607 722 652 783 die
676 741 706 783 111
722 721 823 783 mensis
839 722 959 802 augusti,
983 722 1127 784 continens
1141 722 1215 804 quod

137 817 173 877 ad
185 817 348 878 instanciam
361 818 435 879 dom¹
448 815 532 880 'Petri
549 818 624 880 Petri
641 818 829 899 procuratoris
839 818 1013 899 dalphinalis,
1030 838 1123 880 coram
1138 819 1218 880 dom⁰

137 920 301 976 Gerentono
313 914 401 993 Bajuli
414 913 524 976 officiali
536 914 686 976 Viennensi
701 914 775 995 apud
793 921 923 977 Sanctum
942 922 1091 992 Donatum,
1107 916 1218 977 fuerunt

136 1010 278 1090 publicata
289 1025 317 1072 et
331 1011 358 1072 in
368 1012 485 1074 formam
496 1011 634 1092 publicam
647 1011 743 1074 redata
753 1025 882 1092 computa
892 1025 919 1074 et
926 1012 1051 1074 raciones
1060 1012 1216 1074 reddituum

136 1120 167 1168 et
183 1107 389 1169 obventionum
411 1097 564 1170 castrorum
589 1109 752 1171 comictatus
770 1109 984 1192 Graysivodani,
1002 1110 1118 1172 ducatus
1133 1116 1219 1171 Cam·

136 1203 243 1284 pisauri
256 1218 284 1266 et
299 1205 482 1286 marquisatus
500 1212 603 1268 Sesane
617 1206 653 1267 ad
668 1219 791 1268 eternam
815 1207 854 1267 rei
870 1206 1030 1269 memoriam
1058 1206 1218 1288 perhaben-
1275 1287 1279 1292 f

137 1302 214 1376 dam,
231 1320 266 1363 ne
281 1302 346 1365 dicti
356 1303 481 1365 redditus
495 1316 523 1365 et
536 1303 725 1365 obvenciones
739 1303 846 1384 possint
861 1304 1006 1386 depperire
1027 1305 1218 1386 ahquathenus

135 1399 300 1460 infuturum.

179 1495 248 1556 828.
267 1501 346 1569 Item,
365 1494 450 1575 quod.
467 1496 503 1557 al.
533 1494 609 1576 publ.
626 1495 838 1557 instrumentum
867 1509 1008 1577 receptum
1033 1511 1060 1559 et
1080 1498 1217 1578 signatum

136 1593 316 1673 manuGuig.
335 1592 475 1654 Frumenti
500 1605 559 1653 not.
590 1591 659 1671 pub.
685 1591 736 1654 sub
756 1611 829 1653 anno
855 1593 908 1654 nni
934 1600 1215 1673 M⁰ccc⁰xxxllrr⁰,

135 1687 234 1750 indict.
249 1703 292 1766 11³,
310 1690 372 1769 ipsa
386 1689 483 1750 indict.
509 1702 612 1750 mutata
629 1708 692 1749 cum
707 1707 792 1762 anuo,
810 1687 854 1748 die
869 1706 938 1748 xvru
955 1689 1058 1750 mensis
1074 1690 1216 1768 febroarii,
1286 1704 1288 1708 ⁴

135 1786 283 1847 continens
295 1786 370 1867 quod
385 1785 559 1846 Guichardus
574 1785 609 1846 de
625 1792 715 1860 Illura,
729 1783 801 1867 filius
821 1784 940 1845 condam
956 1785 1057 1846 Mathei
1075 1786 1110 1847 de
1126 1794 1215 1863 IIura,

136 1883 282 1944 confessus
308 1883 359 1944 fuit
386 1902 417 1944 se
441 1894 536 1943 tenere
564 1880 600 1942 in'
618 1881 732 1941 feudum
747 1880 783 1942 ab
795 1880 830 1942 illi
846 1893 874 1942 et
887 1894 995 1962 magnco
1009 1882 1124 1963 principi
1139 1884 1218 1944 dom⁰
1278 1950 1280 1953 ,

135 1992 235 2041 nostro
258 1980 287 2040 d.
319 1980 464 2041 Hunberto
487 1978 617 2058 dalphino
653 1977 801 2039 Viennensi
824 1978 936 2040 racione
965 1979 1048 2040 castri
1066 1979 1102 2041 de
1123 1987 1218 2043 Monte

137 2076 266 2156 Lupello‚
279 2077 364 2138 videl.
382 2095 508 2137 mansum
525 2076 560 2136 de
576 2082 714 2157 Boysson‚
734 2075 846 2136 domum
867 2089 895 2138 et
920 2075 1118 2153 molendinum,
1135 2077 1218 2140 bato·

134 2172 220 2250 rium,
239 2174 355 2235 boscum
377 2192 426 2234 seu
445 2192 543 2234 nemus
557 2185 585 2233 et
600 2184 719 2252 pratum,
737 2192 791 2233 una
805 2192 868 2234 cum
881 2191 938 2233 xvu
954 2172 1071 2235 bichetis
1089 2175 1218 2238 frumenti

135 2288 239 2331 census
249 2271 284 2331 ad
301 2290 458 2332 mensuram
474 2270 508 2331 de
533 2270 630 2344 Vinez,
651 2288 714 2330 curn
727 2270 856 2331 omnibus
879 2269 983 2349 juribus
1006 2284 1035 2333 et
1048 2272 1218 2351 pertinentiis

136 2367 204 2428 dicti
219 2368 318 2444 mansi,
335 2368 454 2448 quesita
478 2367 583 2430 suntin
610 2367 755 2447 parrochia
775 2367 868 2429 Sancti
898 2368 1007 2429 Martini
1022 2368 1057 2429 de
1073 2371 1215 2447 Fontanis,

133 2464 333 2544 ,Lugdunensis
347 2460 477 2539 diocesis,
491 2478 518 2526 et
533 2464 719 2527 termInum...

180 2562 248 2639 829.
262 2569 341 2635 Item,
359 2562 442 2642 qued.
459 2560 734 2641 licterain-pendenti
748 2560 876 2641 sigillata,
892 2560 1038 2622 continens
1052 2562 1127 2641 quod
1139 2561 1215 2624 dom.

137 2657 258 2739 (Vulgo)
283 2658 429 2739 delphinus
452 2659 529 2719 dedit
557 2657 703 2718 Guillelmo
722 2658 757 2718 de
787 2664 919 2719 Ravanna
941 2656 1045 2737 quand.
1065 2658 1174 2721 vineam
1189 2659 1217 2720 in
1246 2731 1253 2750 .

91 2820 92 2826 χ
136 2756 335 2818 mandamento
360 2756 462 2818 Montis
478 2755 598 2832 Bonodi,
621 2774 674 2835 que
698 2754 816 2816 condam
831 2754 882 2816 fuit
907 2755 1068 2832 Nusterleti,
1087 2775 1144 2838 que
1154 2757 1218 2839 qui-

137 2852 203 2914 dem
217 2852 312 2915 lictera
325 2853 428 2933 scripta
443 2852 493 2914 fuit
503 2852 554 2914 sub
565 2870 638 2912 anno
657 2851 711 2912 Dr'ri
728 2837 945 2913 nr⁰cc0xb1x0.
1155 2925 1160 2934 .

180 2950 249 3027 830.
264 2957 343 3026 Item,
358 2949 444 3030 quod.
461 2949 538 3030 publ.
557 2949 767 3010 instrumentum
783 2947 891 3010 duobus
913 2947 1008 3029 sigillis
1032 2948 1060 3010 in
1086 2950 1218 3030 pendenti

138 3047 298 3127 sigillatum,
330 3048 461 3128 scriptum
487 3067 570 3108 manu
594 3048 726 3109 Iohannis
756 3048 790 3108 de
821 3054 923 3108 Sancto
955 3046 1088 3128 Dyonisio
1117 3048 1217 3112 notarii

138 3143 217 3224 publ.
245 3144 297 3206 sub
311 3164 385 3207 anno
413 3144 668 3219 oniM⁰ccc0v1⁰‚
683 3144 728 3205 die
747 3163 793 3205 xxi
818 3143 919 3206 mensis
940 3144 1043 3223 aprilis,
1075 3145 1219 3208 continens

139 3241 379 3320 compromissum,
395 3242 628 3322 composicionem
644 3254 671 3302 et
685 3241 891 3303 ordinacionem
905 3242 1004 3303 laetam
1014 3255 1042 3303 et
1051 3241 1219 3304 laetasintcr

139 3336 216 3399 dom.
240 3339 414 3400 Ilunbertum
432 3338 591 3419 dalphinum
607 3338 802 3414 Viennensem,
824 3338 935 3399 nomine
958 3357 1009 3399 suo
1026 3351 1053 3399 et
1069 3337 1218 3400 liberorum

138 3453 265 3511 suorum,
282 3454 317 3497 ex
332 3456 386 3497 una
399 3450 477 3516 parte
494 3449 521 3497 et
539 3442 651 3496 Petrum
673 3434 844 3515 Berengarii,
871 3433 1012 3494 domiuum
1036 3431 1216 3511 Morgiarum,
1315 3453 1318 3462 ·

137 3531 252 3593 nomine
266 3550 316 3592 suo
331 3545 358 3593 et
374 3532 492 3607 Rondeti
502 3530 549 3592 filii
563 3532 605 3592 sui
620 3544 648 3592 et
663 3531 779 3591 aliorum
791 3529 940 3591 liberorum
950 3548 1075 3604 suorum,
1087 3547 1122 3589 ex
1133 3527 1218 3589 altera

136 3647 222 3709 super
243 3629 380 3691 contentis
394 3629 421 3690 in
438 3629 512 3690 dicto
530 3629 633 3703 insuto,
652 3626 801 3707 dequibus
825 3627 874 3687 fuit
895 3626 967 3687 lacta
982 3624 1178 3705 pronunciacio
1191 3637 1219 3687 et

138 3726 290 3788 concordia
300 3745 350 3807 per
364 3726 439 3787 dom.
459 3725 613 3806 Guigonem
624 3723 767 3784 Alamandi
783 3723 893 3784 inhunc
908 3722 1031 3798 modum,
1043 3722 1128 3783 videl.
1143 3721 1218 3803 quod

138 3823 228 3884 omnis
250 3823 378 3904 segnoria
388 3822 487 3899 major,
503 3821 665 3896 dominium,
680 3819 829 3898 juridictio,
843 3838 949 3880 merum
962 3832 990 3880 et
1004 3818 1118 3880 mixtum
1132 3819 1219 3899 impe-

138 3922 208 3982 rium
222 3919 371 4000 totalisque
385 3919 514 3980 cohercio
528 3932 555 3979 et
568 3917 733 3979 exercicium
750 3916 922 3990 eorumdem,
938 3936 992 3997 que
1005 3930 1032 3978 et
1047 3935 1115 3997 quas
1130 3916 1219 3977 habe-

139 4017 186 4079 bat
203 4018 280 4079 dom.
299 4016 462 4096 Rodulphus
476 4016 512 4078 de
527 4015 606 4078 Vado
621 4014 740 4076 condam
754 4033 804 4095 per
825 4033 855 4075 se
869 4013 914 4074 vel
922 4031 976 4094 per
990 4013 1083 4088 alium,
1107 4012 1143 4073 de
1159 4012 1218 4092 iure

139 4112 183 4174 vel
198 4113 234 4174 de
244 4112 319 4175 lacto
331 4130 507 4194 quocumque
522 4111 616 4185 modo,
642 4109 670 4171 in
686 4123 745 4172 tota
761 4107 906 4191 parrochia
917 4123 945 4171 et
960 4108 1031 4171 infra
1044 4107 1217 4190 parrochiam
