<?xml version="1.0" encoding="UTF-8"?>
<!DOCTYPE html PUBLIC "-//W3C//DTD XHTML 1.0 Transitional//EN"
    "http://www.w3.org/TR/xhtml1/DTD/xhtml1-transitional.dtd">
<html xmlns="http://www.w3.org/1999/xhtml" xml:lang="en" lang="en">
 <head>
  <title>
</title>
<meta http-equiv="Content-Type" content="text/html;charset=utf-8" />
  <meta name='ocr-system' content='tesseract 3.04.00' />
  <meta name='ocr-capabilities' content='ocr_page ocr_carea ocr_par ocr_line ocrx_word'/>
</head>
<body>
  <div class='ocr_page' id='page_1' title='image "./inventairedesar01glgoog/inventairedesar01glgoog_0317.png"; bbox 0 0 2716 4784; ppageno 0'>
   <div class='ocr_carea' id='block_1_1' title="bbox 207 512 1286 2259">
    <p class='ocr_par' dir='ltr' id='par_1_1' title="bbox 207 512 1286 1541">
     <span class='ocr_line' id='line_1_1' title="bbox 207 512 1284 591; baseline -0.003 -18"><span class='ocrx_word' id='word_1_1' title='bbox 207 515 267 591; x_wconf 73' lang='lat' dir='ltr'>gillo</span> <span class='ocrx_word' id='word_1_2' title='bbox 279 516 340 573; x_wconf 93' lang='lat' dir='ltr'>dicti</span> <span class='ocrx_word' id='word_1_3' title='bbox 352 518 420 573; x_wconf 87' lang='lat' dir='ltr'>dom.</span> <span class='ocrx_word' id='word_1_4' title='bbox 436 516 544 589; x_wconf 87' lang='lat' dir='ltr'>comitis,</span> <span class='ocrx_word' id='word_1_5' title='bbox 557 514 686 573; x_wconf 86' lang='lat' dir='ltr'>continens</span> <span class='ocrx_word' id='word_1_6' title='bbox 712 512 910 573; x_wconf 87' lang='lat' dir='ltr'>ratillicationem</span> <span class='ocrx_word' id='word_1_7' title='bbox 940 512 1010 571; x_wconf 82' lang='lat' dir='ltr'>diet.</span> <span class='ocrx_word' id='word_1_8' title='bbox 1044 514 1196 587; x_wconf 79' lang='lat' dir='ltr'>pactionum</span> <span class='ocrx_word' id='word_1_9' title='bbox 1214 512 1284 571; x_wconf 79' lang='lat' dir='ltr'>lacha</span> 
     </span>
     <span class='ocr_line' id='line_1_2' title="bbox 207 602 1286 681; baseline -0.002 -20"><span class='ocrx_word' id='word_1_10' title='bbox 207 622 253 681; x_wconf 85' lang='lat' dir='ltr'>per</span> <span class='ocrx_word' id='word_1_11' title='bbox 266 606 402 679; x_wconf 65' lang='lat' dir='ltr'>Annonem</span> <span class='ocrx_word' id='word_1_12' title='bbox 416 604 448 661; x_wconf 89' lang='lat' dir='ltr'>de</span> <span class='ocrx_word' id='word_1_13' title='bbox 460 604 587 677; x_wconf 78' lang='lat' dir='ltr'>Cebenna,</span> <span class='ocrx_word' id='word_1_14' title='bbox 601 604 791 679; x_wconf 71' lang='lat' dir='ltr'>primogenitum</span> <span class='ocrx_word' id='word_1_15' title='bbox 804 604 864 661; x_wconf 89' lang='lat' dir='ltr'>dicti</span> <span class='ocrx_word' id='word_1_16' title='bbox 878 602 995 663; x_wconf 87' lang='lat' dir='ltr'>comitis.</span> <span class='ocrx_word' id='word_1_17' title='bbox 1014 636 1055 649; x_wconf 96' lang='lat'><em>-</em></span> <span class='ocrx_word' id='word_1_18' title='bbox 1076 605 1157 663; x_wconf 78' lang='lat'>1612.</span> <span class='ocrx_word' id='word_1_19' title='bbox 1171 606 1238 677; x_wconf 81' lang='lat' dir='ltr'>lteri,</span> <span class='ocrx_word' id='word_1_20' title='bbox 1249 604 1286 659; x_wconf 86' lang='lat' dir='ltr'>lae</span> 
     </span>
     <span class='ocr_line' id='line_1_3' title="bbox 207 690 1285 769; baseline 0.002 -20"><span class='ocrx_word' id='word_1_21' title='bbox 207 694 358 767; x_wconf 77' lang='lat' dir='ltr'>mansmipta</span> <span class='ocrx_word' id='word_1_22' title='bbox 371 710 414 751; x_wconf 91' lang='lat' dir='ltr'>seu</span> <span class='ocrx_word' id='word_1_23' title='bbox 428 692 543 765; x_wconf 84' lang='lat' dir='ltr'>vidimus,</span> <span class='ocrx_word' id='word_1_24' title='bbox 556 694 603 751; x_wconf 87' lang='lat' dir='ltr'>sub</span> <span class='ocrx_word' id='word_1_25' title='bbox 616 692 696 767; x_wconf 73' lang='lat' dir='ltr'>sigillo</span> <span class='ocrx_word' id='word_1_26' title='bbox 713 692 839 751; x_wconf 87' lang='lat' dir='ltr'>Castelleti</span> <span class='ocrx_word' id='word_1_27' title='bbox 853 692 982 767; x_wconf 86' lang='lat' dir='ltr'>Parisius,</span> <span class='ocrx_word' id='word_1_28' title='bbox 999 694 1038 751; x_wconf 91' lang='lat' dir='ltr'>de</span> <span class='ocrx_word' id='word_1_29' title='bbox 1068 692 1150 751; x_wconf 86' lang='lat' dir='ltr'>certis</span> <span class='ocrx_word' id='word_1_30' title='bbox 1162 690 1285 769; x_wconf 69' lang='lat' dir='ltr'>spec&#39;alh</span> 
     </span>
     <span class='ocr_line' id='line_1_4' title="bbox 208 778 1284 857; baseline 0 -20"><span class='ocrx_word' id='word_1_31' title='bbox 208 778 323 839; x_wconf 78' lang='lat' dir='ltr'>clausulis</span> <span class='ocrx_word' id='word_1_32' title='bbox 336 780 460 839; x_wconf 88' lang='lat' dir='ltr'>contentis</span> <span class='ocrx_word' id='word_1_33' title='bbox 472 780 569 839; x_wconf 87' lang='lat' dir='ltr'>indict.</span> <span class='ocrx_word' id='word_1_34' title='bbox 586 780 751 855; x_wconf 76' lang='lat' dir='ltr'>pactionibus.</span> <span class='ocrx_word' id='word_1_35' title='bbox 766 812 801 825; x_wconf 93' lang='lat'><em>-</em></span> <span class='ocrx_word' id='word_1_36' title='bbox 825 780 900 853; x_wconf 81' lang='lat'>1613.</span> <span class='ocrx_word' id='word_1_37' title='bbox 931 782 1012 853; x_wconf 91' lang='lat' dir='ltr'>ltem,</span> <span class='ocrx_word' id='word_1_38' title='bbox 1029 782 1118 857; x_wconf 91' lang='lat' dir='ltr'>quod.</span> <span class='ocrx_word' id='word_1_39' title='bbox 1134 780 1203 857; x_wconf 85' lang='lat' dir='ltr'>publ.</span> <span class='ocrx_word' id='word_1_40' title='bbox 1215 778 1284 837; x_wconf 82' lang='lat' dir='ltr'>iustu</span> 
     </span>
     <span class='ocr_line' id='line_1_5' title="bbox 208 864 1284 943; baseline 0 -18"><span class='ocrx_word' id='word_1_41' title='bbox 208 880 315 925; x_wconf 86' lang='lat' dir='ltr'>mentum</span> <span class='ocrx_word' id='word_1_42' title='bbox 329 870 468 927; x_wconf 87' lang='lat' dir='ltr'>conlectum</span> <span class='ocrx_word' id='word_1_43' title='bbox 482 886 548 925; x_wconf 90' lang='lat' dir='ltr'>anno</span> <span class='ocrx_word' id='word_1_44' title='bbox 562 864 613 925; x_wconf 85' lang='lat' dir='ltr'>Drii</span> <span class='ocrx_word' id='word_1_45' title='bbox 626 868 820 941; x_wconf 67' lang='lat' dir='ltr'>euocetur,</span> <span class='ocrx_word' id='word_1_46' title='bbox 847 865 886 925; x_wconf 88' lang='lat' dir='ltr'>die</span> <span class='ocrx_word' id='word_1_47' title='bbox 899 868 959 925; x_wconf 85' lang='lat' dir='ltr'>vlt·</span> <span class='ocrx_word' id='word_1_48' title='bbox 973 868 1086 943; x_wconf 82' lang='lat' dir='ltr'>aprilis,</span> <span class='ocrx_word' id='word_1_49' title='bbox 1102 886 1179 927; x_wconf 89' lang='lat' dir='ltr'>mauu</span> <span class='ocrx_word' id='word_1_50' title='bbox 1192 864 1284 925; x_wconf 72' lang='lat' dir='ltr'>neum</span> 
     </span>
     <span class='ocr_line' id='line_1_6' title="bbox 208 954 1284 1033; baseline 0 -20"><span class='ocrx_word' id='word_1_51' title='bbox 208 956 343 1015; x_wconf 88' lang='lat' dir='ltr'>Vassoneti</span> <span class='ocrx_word' id='word_1_52' title='bbox 358 958 389 1015; x_wconf 92' lang='lat' dir='ltr'>de</span> <span class='ocrx_word' id='word_1_53' title='bbox 403 956 518 1029; x_wconf 81' lang='lat' dir='ltr'>hlbiaco,</span> <span class='ocrx_word' id='word_1_54' title='bbox 534 956 663 1015; x_wconf 88' lang='lat' dir='ltr'>continens</span> <span class='ocrx_word' id='word_1_55' title='bbox 676 958 744 1033; x_wconf 92' lang='lat' dir='ltr'>quod</span> <span class='ocrx_word' id='word_1_56' title='bbox 758 958 826 1015; x_wconf 92' lang='lat' dir='ltr'>dom.</span> <span class='ocrx_word' id='word_1_57' title='bbox 842 954 967 1015; x_wconf 89' lang='lat' dir='ltr'>Girardus</span> <span class='ocrx_word' id='word_1_58' title='bbox 992 958 1029 1015; x_wconf 93' lang='lat' dir='ltr'>de</span> <span class='ocrx_word' id='word_1_59' title='bbox 1044 956 1179 1015; x_wconf 83' lang='lat' dir='ltr'>Temiaco</span> <span class='ocrx_word' id='word_1_60' title='bbox 1191 974 1216 1013; x_wconf 89' lang='lat' dir='ltr'>se</span> <span class='ocrx_word' id='word_1_61' title='bbox 1229 970 1284 1013; x_wconf 85' lang='lat' dir='ltr'>mss·</span> 
     </span>
     <span class='ocr_line' id='line_1_7' title="bbox 208 1040 1282 1121; baseline -0.004 -18"><span class='ocrx_word' id='word_1_62' title='bbox 208 1042 278 1103; x_wconf 90' lang='lat' dir='ltr'>tituit</span> <span class='ocrx_word' id='word_1_63' title='bbox 292 1044 457 1119; x_wconf 81' lang='lat' dir='ltr'>fidejussorem</span> <span class='ocrx_word' id='word_1_64' title='bbox 472 1064 519 1119; x_wconf 92' lang='lat' dir='ltr'>pro</span> <span class='ocrx_word' id='word_1_65' title='bbox 530 1044 598 1103; x_wconf 89' lang='lat' dir='ltr'>dicto</span> <span class='ocrx_word' id='word_1_66' title='bbox 612 1042 702 1103; x_wconf 80' lang='lat' dir='ltr'>consite</span> <span class='ocrx_word' id='word_1_67' title='bbox 724 1062 784 1121; x_wconf 75' lang='lat' dir='ltr'>erga</span> <span class='ocrx_word' id='word_1_68' title='bbox 808 1044 900 1101; x_wconf 88' lang='lat' dir='ltr'>dictum</span> <span class='ocrx_word' id='word_1_69' title='bbox 915 1044 987 1101; x_wconf 90' lang='lat' dir='ltr'>dom.</span> <span class='ocrx_word' id='word_1_70' title='bbox 1012 1044 1171 1119; x_wconf 85' lang='lat' dir='ltr'>dalphinum</span> <span class='ocrx_word' id='word_1_71' title='bbox 1184 1060 1228 1119; x_wconf 91' lang='lat' dir='ltr'>pro</span> <span class='ocrx_word' id='word_1_72' title='bbox 1237 1040 1282 1099; x_wconf 84' lang='lat' dir='ltr'>diet</span> 
     </span>
     <span class='ocr_line' id='line_1_8' title="bbox 208 1130 1283 1207; baseline -0.002 -18"><span class='ocrx_word' id='word_1_73' title='bbox 208 1132 366 1207; x_wconf 76' lang='lat' dir='ltr'>pactionibus</span> <span class='ocrx_word' id='word_1_74' title='bbox 379 1132 539 1190; x_wconf 85' lang='lat' dir='ltr'>observandis</span> <span class='ocrx_word' id='word_1_75' title='bbox 552 1143 577 1188; x_wconf 93' lang='lat' dir='ltr'>et</span> <span class='ocrx_word' id='word_1_76' title='bbox 591 1132 729 1207; x_wconf 83' lang='lat' dir='ltr'>specialiter</span> <span class='ocrx_word' id='word_1_77' title='bbox 742 1141 874 1207; x_wconf 86' lang='lat' dir='ltr'>propterea</span> <span class='ocrx_word' id='word_1_78' title='bbox 888 1130 1087 1206; x_wconf 84' lang='lat' dir='ltr'>hypothecavit</span> <span class='ocrx_word' id='word_1_79' title='bbox 1101 1142 1188 1189; x_wconf 87' lang='lat' dir='ltr'>castra</span> <span class='ocrx_word' id='word_1_80' title='bbox 1201 1146 1249 1187; x_wconf 92' lang='lat' dir='ltr'>sua.</span> <span class='ocrx_word' id='word_1_81' title='bbox 1260 1158 1283 1171; x_wconf 94' lang='lat'><em>-</em></span> 
     </span>
     <span class='ocr_line' id='line_1_9' title="bbox 213 1215 1282 1296; baseline -0.001 -20"><span class='ocrx_word' id='word_1_82' title='bbox 213 1220 287 1293; x_wconf 72' lang='lat'>1⁶14.</span> <span class='ocrx_word' id='word_1_83' title='bbox 298 1222 368 1293; x_wconf 92' lang='lat' dir='ltr'>ltem,</span> <span class='ocrx_word' id='word_1_84' title='bbox 383 1221 502 1295; x_wconf 82' lang='lat' dir='ltr'>quodal.</span> <span class='ocrx_word' id='word_1_85' title='bbox 513 1222 583 1296; x_wconf 90' lang='lat' dir='ltr'>publ.</span> <span class='ocrx_word' id='word_1_86' title='bbox 598 1220 786 1278; x_wconf 81' lang='lat' dir='ltr'>instrumentum</span> <span class='ocrx_word' id='word_1_87' title='bbox 800 1218 1021 1275; x_wconf 88' lang='lat' dir='ltr'>conlectumanno</span> <span class='ocrx_word' id='word_1_88' title='bbox 1038 1215 1095 1275; x_wconf 87' lang='lat' dir='ltr'>Diii</span> <span class='ocrx_word' id='word_1_89' title='bbox 1109 1218 1282 1289; x_wconf 56' lang='lat' dir='ltr'>tammulti,</span> 
     </span>
     <span class='ocr_line' id='line_1_10' title="bbox 208 1305 1283 1382; baseline 0 -19"><span class='ocrx_word' id='word_1_90' title='bbox 208 1308 291 1363; x_wconf 70' lang='lat' dir='ltr'>xvua</span> <span class='ocrx_word' id='word_1_91' title='bbox 305 1308 345 1363; x_wconf 91' lang='lat' dir='ltr'>die</span> <span class='ocrx_word' id='word_1_92' title='bbox 358 1307 452 1382; x_wconf 86' lang='lat' dir='ltr'>aprilis,</span> <span class='ocrx_word' id='word_1_93' title='bbox 468 1326 541 1365; x_wconf 90' lang='lat' dir='ltr'>manu</span> <span class='ocrx_word' id='word_1_94' title='bbox 556 1308 615 1365; x_wconf 88' lang='lat' dir='ltr'>dicti</span> <span class='ocrx_word' id='word_1_95' title='bbox 625 1306 729 1377; x_wconf 86' lang='lat' dir='ltr'>Berteti,</span> <span class='ocrx_word' id='word_1_96' title='bbox 745 1306 873 1365; x_wconf 89' lang='lat' dir='ltr'>continens</span> <span class='ocrx_word' id='word_1_97' title='bbox 885 1305 956 1381; x_wconf 89' lang='lat' dir='ltr'>quod</span> <span class='ocrx_word' id='word_1_98' title='bbox 969 1307 1049 1365; x_wconf 91' lang='lat' dir='ltr'>dom.</span> <span class='ocrx_word' id='word_1_99' title='bbox 1066 1306 1283 1365; x_wconf 86' lang='lat' dir='ltr'>Thomasdon&#39;nu</span> 
     </span>
     <span class='ocr_line' id='line_1_11' title="bbox 208 1392 1284 1472; baseline 0 -21"><span class='ocrx_word' id='word_1_100' title='bbox 208 1392 240 1451; x_wconf 90' lang='lat' dir='ltr'>de</span> <span class='ocrx_word' id='word_1_101' title='bbox 254 1396 371 1451; x_wconf 86' lang='lat' dir='ltr'>Mentone</span> <span class='ocrx_word' id='word_1_102' title='bbox 384 1412 411 1453; x_wconf 91' lang='lat' dir='ltr'>se</span> <span class='ocrx_word' id='word_1_103' title='bbox 424 1407 450 1452; x_wconf 93' lang='lat' dir='ltr'>et</span> <span class='ocrx_word' id='word_1_104' title='bbox 463 1398 531 1453; x_wconf 85' lang='lat' dir='ltr'>bona·</span> <span class='ocrx_word' id='word_1_105' title='bbox 553 1414 599 1455; x_wconf 87' lang='lat' dir='ltr'>sua</span> <span class='ocrx_word' id='word_1_106' title='bbox 612 1396 733 1472; x_wconf 78' lang='lat' dir='ltr'>obligavit</span> <span class='ocrx_word' id='word_1_107' title='bbox 760 1412 808 1471; x_wconf 92' lang='lat' dir='ltr'>pro</span> <span class='ocrx_word' id='word_1_108' title='bbox 820 1394 889 1453; x_wconf 89' lang='lat' dir='ltr'>dicto</span> <span class='ocrx_word' id='word_1_109' title='bbox 901 1394 997 1451; x_wconf 88' lang='lat' dir='ltr'>comite</span> <span class='ocrx_word' id='word_1_110' title='bbox 1012 1395 1050 1453; x_wconf 89' lang='lat' dir='ltr'>de</span> <span class='ocrx_word' id='word_1_111' title='bbox 1064 1396 1133 1455; x_wconf 92' lang='lat' dir='ltr'>dict.</span> <span class='ocrx_word' id='word_1_112' title='bbox 1149 1392 1284 1471; x_wconf 82' lang='lat' dir='ltr'>pactionibus</span> 
     </span>
     <span class='ocr_line' id='line_1_12' title="bbox 209 1482 380 1541; baseline 0.006 -2"><span class='ocrx_word' id='word_1_113' title='bbox 209 1482 380 1541; x_wconf 83' lang='lat' dir='ltr'>observandis.</span> 
     </span>
    </p>

    <p class='ocr_par' dir='ltr' id='par_1_2' title="bbox 209 1568 1286 2259">
     <span class='ocr_line' id='line_1_13' title="bbox 251 1568 1283 1648; baseline -0.002 -21"><span class='ocrx_word' id='word_1_114' title='bbox 251 1570 327 1645; x_wconf 76' lang='lat'>1615.</span> <span class='ocrx_word' id='word_1_115' title='bbox 343 1573 414 1645; x_wconf 90' lang='lat' dir='ltr'>ltem,</span> <span class='ocrx_word' id='word_1_116' title='bbox 428 1573 504 1647; x_wconf 90' lang='lat' dir='ltr'>qued.</span> <span class='ocrx_word' id='word_1_117' title='bbox 519 1572 647 1648; x_wconf 87' lang='lat' dir='ltr'>pactiones</span> <span class='ocrx_word' id='word_1_118' title='bbox 660 1570 736 1628; x_wconf 88' lang='lat' dir='ltr'>inhite</span> <span class='ocrx_word' id='word_1_119' title='bbox 758 1570 822 1627; x_wconf 90' lang='lat' dir='ltr'>iuter</span> <span class='ocrx_word' id='word_1_120' title='bbox 834 1570 902 1626; x_wconf 89' lang='lat' dir='ltr'>dom.</span> <span class='ocrx_word' id='word_1_121' title='bbox 916 1568 1067 1627; x_wconf 73' lang='lat' dir='ltr'>iohannem</span> <span class='ocrx_word' id='word_1_122' title='bbox 1083 1572 1238 1629; x_wconf 82' lang='lat' dir='ltr'>Francorum</span> <span class='ocrx_word' id='word_1_123' title='bbox 1248 1576 1283 1635; x_wconf 82' lang='lat' dir='ltr'>[n</span> 
     </span>
     <span class='ocr_line' id='line_1_14' title="bbox 210 1655 1285 1734; baseline 0 -21"><span class='ocrx_word' id='word_1_124' title='bbox 210 1664 276 1732; x_wconf 60' lang='lat' dir='ltr'>mm)</span> <span class='ocrx_word' id='word_1_125' title='bbox 296 1669 323 1714; x_wconf 93' lang='lat' dir='ltr'>et</span> <span class='ocrx_word' id='word_1_126' title='bbox 345 1658 413 1717; x_wconf 91' lang='lat' dir='ltr'>dom.</span> <span class='ocrx_word' id='word_1_127' title='bbox 433 1660 555 1717; x_wconf 83' lang='lat' dir='ltr'>Karolunn</span> <span class='ocrx_word' id='word_1_128' title='bbox 570 1658 621 1732; x_wconf 83' lang='lat' dir='ltr'>ejus</span> <span class='ocrx_word' id='word_1_129' title='bbox 634 1656 834 1734; x_wconf 82' lang='lat' dir='ltr'>primogenitum,</span> <span class='ocrx_word' id='word_1_130' title='bbox 848 1656 992 1731; x_wconf 84' lang='lat' dir='ltr'>dalphinum</span> <span class='ocrx_word' id='word_1_131' title='bbox 1010 1655 1198 1731; x_wconf 84' lang='lat' dir='ltr'>Viennensem,</span> <span class='ocrx_word' id='word_1_132' title='bbox 1210 1674 1238 1715; x_wconf 90' lang='lat' dir='ltr'>es</span> <span class='ocrx_word' id='word_1_133' title='bbox 1248 1672 1285 1713; x_wconf 83' lang='lat' dir='ltr'>um</span> 
     </span>
     <span class='ocr_line' id='line_1_15' title="bbox 210 1742 1285 1822; baseline -0.001 -20"><span class='ocrx_word' id='word_1_134' title='bbox 210 1756 282 1821; x_wconf 81' lang='lat' dir='ltr'>parte</span> <span class='ocrx_word' id='word_1_135' title='bbox 295 1758 320 1803; x_wconf 91' lang='lat' dir='ltr'>et</span> <span class='ocrx_word' id='word_1_136' title='bbox 333 1747 401 1805; x_wconf 89' lang='lat' dir='ltr'>dom.</span> <span class='ocrx_word' id='word_1_137' title='bbox 418 1748 605 1815; x_wconf 84' lang='lat' dir='ltr'>ll(umbertunn)</span> <span class='ocrx_word' id='word_1_138' title='bbox 620 1746 786 1822; x_wconf 80' lang='lat' dir='ltr'>patriarcham</span> <span class='ocrx_word' id='word_1_139' title='bbox 801 1744 997 1802; x_wconf 77' lang='lat' dir='ltr'>Alexandrinum</span> <span class='ocrx_word' id='word_1_140' title='bbox 1014 1742 1285 1821; x_wconf 86' lang='lat' dir='ltr'>antiquioremquedal</span> 
     </span>
     <span class='ocr_line' id='line_1_16' title="bbox 209 1830 1285 1909; baseline 0.001 -19"><span class='ocrx_word' id='word_1_141' title='bbox 209 1833 310 1907; x_wconf 89' lang='lat' dir='ltr'>phinum</span> <span class='ocrx_word' id='word_1_142' title='bbox 324 1835 454 1908; x_wconf 81' lang='lat' dir='ltr'>etaltera,</span> <span class='ocrx_word' id='word_1_143' title='bbox 469 1853 554 1891; x_wconf 84' lang='lat' dir='ltr'>corum</span> <span class='ocrx_word' id='word_1_144' title='bbox 569 1834 652 1909; x_wconf 79' lang='lat' dir='ltr'>sigillis</span> <span class='ocrx_word' id='word_1_145' title='bbox 666 1832 781 1907; x_wconf 81' lang='lat' dir='ltr'>sigillate,</span> <span class='ocrx_word' id='word_1_146' title='bbox 795 1832 859 1889; x_wconf 91' lang='lat' dir='ltr'>lacte</span> <span class='ocrx_word' id='word_1_147' title='bbox 867 1849 934 1889; x_wconf 92' lang='lat' dir='ltr'>anno</span> <span class='ocrx_word' id='word_1_148' title='bbox 948 1830 1285 1907; x_wconf 61' lang='lat' dir='ltr'>primoomnium</span> 
     </span>
     <span class='ocr_line' id='line_1_17' title="bbox 210 1916 1286 1997; baseline -0.005 -19"><span class='ocrx_word' id='word_1_149' title='bbox 210 1920 344 1995; x_wconf 87' lang='lat' dir='ltr'>decembri,</span> <span class='ocrx_word' id='word_1_150' title='bbox 372 1940 447 1997; x_wconf 90' lang='lat' dir='ltr'>super</span> <span class='ocrx_word' id='word_1_151' title='bbox 475 1922 630 1978; x_wconf 89' lang='lat' dir='ltr'>restitutione</span> <span class='ocrx_word' id='word_1_152' title='bbox 657 1932 796 1977; x_wconf 88' lang='lat' dir='ltr'>castrorum</span> <span class='ocrx_word' id='word_1_153' title='bbox 818 1936 866 1995; x_wconf 95' lang='lat' dir='ltr'>que</span> <span class='ocrx_word' id='word_1_154' title='bbox 879 1916 926 1975; x_wconf 90' lang='lat' dir='ltr'>sibi</span> <span class='ocrx_word' id='word_1_155' title='bbox 941 1917 1091 1979; x_wconf 84' lang='lat' dir='ltr'>retinuerat</span> <span class='ocrx_word' id='word_1_156' title='bbox 1110 1918 1286 1995; x_wconf 90' lang='lat' dir='ltr'>inDalpbiuatu</span> 
     </span>
     <span class='ocr_line' id='line_1_18' title="bbox 210 2006 1285 2086; baseline -0.002 -21"><span class='ocrx_word' id='word_1_157' title='bbox 210 2008 292 2065; x_wconf 88' lang='lat' dir='ltr'>dictus</span> <span class='ocrx_word' id='word_1_158' title='bbox 306 2011 374 2067; x_wconf 85' lang='lat' dir='ltr'>donn.</span> <span class='ocrx_word' id='word_1_159' title='bbox 399 2009 534 2086; x_wconf 86' lang='lat' dir='ltr'>antiquior,</span> <span class='ocrx_word' id='word_1_160' title='bbox 549 2010 629 2067; x_wconf 83' lang='lat' dir='ltr'>fienda</span> <span class='ocrx_word' id='word_1_161' title='bbox 643 2007 712 2067; x_wconf 92' lang='lat' dir='ltr'>dicto</span> <span class='ocrx_word' id='word_1_162' title='bbox 725 2010 793 2067; x_wconf 88' lang='lat' dir='ltr'>dom.</span> <span class='ocrx_word' id='word_1_163' title='bbox 808 2006 905 2065; x_wconf 88' lang='lat' dir='ltr'>Karolo</span> <span class='ocrx_word' id='word_1_164' title='bbox 926 2006 1066 2081; x_wconf 88' lang='lat' dir='ltr'>dalphino.</span> <span class='ocrx_word' id='word_1_165' title='bbox 1084 2040 1121 2053; x_wconf 89' lang='lat'><em>-</em></span> <span class='ocrx_word' id='word_1_166' title='bbox 1141 2008 1217 2067; x_wconf 73' lang='lat'>1616.</span> <span class='ocrx_word' id='word_1_167' title='bbox 1229 2008 1285 2077; x_wconf 77' lang='lat' dir='ltr'>ltm,</span> 
     </span>
     <span class='ocr_line' id='line_1_19' title="bbox 211 2094 1285 2173; baseline 0.002 -22"><span class='ocrx_word' id='word_1_168' title='bbox 211 2097 285 2171; x_wconf 92' lang='lat' dir='ltr'>qued.</span> <span class='ocrx_word' id='word_1_169' title='bbox 301 2096 347 2153; x_wconf 91' lang='lat' dir='ltr'>alie</span> <span class='ocrx_word' id='word_1_170' title='bbox 361 2098 488 2171; x_wconf 86' lang='lat' dir='ltr'>pactiones</span> <span class='ocrx_word' id='word_1_171' title='bbox 511 2100 575 2155; x_wconf 89' lang='lat' dir='ltr'>lacte</span> <span class='ocrx_word' id='word_1_172' title='bbox 589 2098 652 2155; x_wconf 89' lang='lat' dir='ltr'>inter</span> <span class='ocrx_word' id='word_1_173' title='bbox 665 2096 779 2155; x_wconf 85' lang='lat' dir='ltr'>dominos</span> <span class='ocrx_word' id='word_1_174' title='bbox 798 2094 915 2173; x_wconf 81' lang='lat' dir='ltr'>predict,</span> <span class='ocrx_word' id='word_1_175' title='bbox 930 2112 998 2153; x_wconf 92' lang='lat' dir='ltr'>auno</span> <span class='ocrx_word' id='word_1_176' title='bbox 1020 2106 1051 2153; x_wconf 91' lang='lat' dir='ltr'>et</span> <span class='ocrx_word' id='word_1_177' title='bbox 1073 2114 1163 2155; x_wconf 83' lang='lat' dir='ltr'>meuse</span> <span class='ocrx_word' id='word_1_178' title='bbox 1185 2094 1285 2173; x_wconf 80' lang='lat' dir='ltr'>predict,</span> 
     </span>
     <span class='ocr_line' id='line_1_20' title="bbox 211 2183 828 2259; baseline 0 -19"><span class='ocrx_word' id='word_1_179' title='bbox 211 2199 298 2241; x_wconf 86' lang='lat' dir='ltr'>eorum</span> <span class='ocrx_word' id='word_1_180' title='bbox 313 2183 417 2257; x_wconf 83' lang='lat' dir='ltr'>sigillate</span> <span class='ocrx_word' id='word_1_181' title='bbox 430 2184 524 2259; x_wconf 82' lang='lat' dir='ltr'>sigillis,</span> <span class='ocrx_word' id='word_1_182' title='bbox 539 2204 613 2259; x_wconf 90' lang='lat' dir='ltr'>super</span> <span class='ocrx_word' id='word_1_183' title='bbox 627 2202 712 2241; x_wconf 89' lang='lat' dir='ltr'>eorum</span> <span class='ocrx_word' id='word_1_184' title='bbox 725 2190 795 2253; x_wconf 85' lang='grc'><strong>(....)</strong></span> <span class='ocrx_word' id='word_1_185' title='bbox 807 2186 828 2240; x_wconf 81' lang='lat'>⁴.</span> 
     </span>
    </p>
   </div>
   <div class='ocr_carea' id='block_1_2' title="bbox 210 2366 1292 3999">
    <p class='ocr_par' dir='ltr' id='par_1_3' title="bbox 211 2366 1289 2935">
     <span class='ocr_line' id='line_1_21' title="bbox 257 2366 1287 2454; baseline -0.005 -18"><span class='ocrx_word' id='word_1_186' title='bbox 257 2374 342 2452; x_wconf 74' lang='lat'>1617.</span> <span class='ocrx_word' id='word_1_187' title='bbox 355 2379 434 2449; x_wconf 78' lang='lat' dir='ltr'>item,</span> <span class='ocrx_word' id='word_1_188' title='bbox 447 2372 532 2454; x_wconf 91' lang='lat' dir='ltr'>qued.</span> <span class='ocrx_word' id='word_1_189' title='bbox 543 2372 621 2435; x_wconf 88' lang='lat' dir='ltr'>litera</span> <span class='ocrx_word' id='word_1_190' title='bbox 635 2372 664 2433; x_wconf 90' lang='lat' dir='ltr'>in</span> <span class='ocrx_word' id='word_1_191' title='bbox 678 2370 820 2433; x_wconf 80' lang='lat' dir='ltr'>romantio</span> <span class='ocrx_word' id='word_1_192' title='bbox 831 2368 943 2451; x_wconf 82' lang='lat' dir='ltr'>scripta</span> <span class='ocrx_word' id='word_1_193' title='bbox 959 2366 1014 2432; x_wconf 89' lang='lat' dir='ltr'>sub</span> <span class='ocrx_word' id='word_1_194' title='bbox 1030 2388 1113 2433; x_wconf 91' lang='lat' dir='ltr'>anno</span> <span class='ocrx_word' id='word_1_195' title='bbox 1128 2370 1188 2433; x_wconf 84' lang='lat' dir='ltr'>nni</span> <span class='ocrx_word' id='word_1_196' title='bbox 1202 2372 1287 2431; x_wconf 72' lang='lat' dir='ltr'>ww</span> 
     </span>
     <span class='ocr_line' id='line_1_22' title="bbox 212 2464 1286 2551; baseline -0.006 -18"><span class='ocrx_word' id='word_1_197' title='bbox 212 2476 272 2546; x_wconf 82' lang='lat' dir='ltr'>XC,</span> <span class='ocrx_word' id='word_1_198' title='bbox 284 2470 329 2533; x_wconf 93' lang='lat' dir='ltr'>die</span> <span class='ocrx_word' id='word_1_199' title='bbox 352 2469 480 2533; x_wconf 87' lang='lat' dir='ltr'>mercurii</span> <span class='ocrx_word' id='word_1_200' title='bbox 497 2482 560 2551; x_wconf 89' lang='lat' dir='ltr'>post</span> <span class='ocrx_word' id='word_1_201' title='bbox 570 2469 684 2531; x_wconf 89' lang='lat' dir='ltr'>octabas</span> <span class='ocrx_word' id='word_1_202' title='bbox 697 2465 923 2530; x_wconf 72' lang='lat' dir='ltr'>annunciationis</span> <span class='ocrx_word' id='word_1_203' title='bbox 935 2464 1020 2527; x_wconf 91' lang='lat' dir='ltr'>beate</span> <span class='ocrx_word' id='word_1_204' title='bbox 1037 2468 1145 2545; x_wconf 84' lang='lat' dir='ltr'>Marie,</span> <span class='ocrx_word' id='word_1_205' title='bbox 1162 2464 1286 2549; x_wconf 88' lang='lat' dir='ltr'>quondan</span> 
     </span>
     <span class='ocr_line' id='line_1_23' title="bbox 211 2562 1288 2649; baseline -0.005 -21"><span class='ocrx_word' id='word_1_206' title='bbox 211 2586 299 2649; x_wconf 89' lang='lat' dir='ltr'>parvo</span> <span class='ocrx_word' id='word_1_207' title='bbox 319 2567 409 2648; x_wconf 87' lang='lat' dir='ltr'>sigillo</span> <span class='ocrx_word' id='word_1_208' title='bbox 423 2568 450 2629; x_wconf 92' lang='lat' dir='ltr'>in</span> <span class='ocrx_word' id='word_1_209' title='bbox 465 2566 595 2648; x_wconf 87' lang='lat' dir='ltr'>pendenti</span> <span class='ocrx_word' id='word_1_210' title='bbox 620 2565 748 2645; x_wconf 87' lang='lat' dir='ltr'>sigillata,</span> <span class='ocrx_word' id='word_1_211' title='bbox 769 2563 914 2627; x_wconf 90' lang='lat' dir='ltr'>continens</span> <span class='ocrx_word' id='word_1_212' title='bbox 933 2574 1017 2643; x_wconf 89' lang='lat' dir='ltr'>pacta</span> <span class='ocrx_word' id='word_1_213' title='bbox 1041 2576 1074 2626; x_wconf 91' lang='lat' dir='ltr'>et</span> <span class='ocrx_word' id='word_1_214' title='bbox 1092 2562 1288 2627; x_wconf 83' lang='lat' dir='ltr'>conventiones</span> 
     </span>
     <span class='ocr_line' id='line_1_24' title="bbox 213 2659 1287 2741; baseline -0.003 -15"><span class='ocrx_word' id='word_1_215' title='bbox 213 2664 300 2726; x_wconf 90' lang='lat' dir='ltr'>lactas</span> <span class='ocrx_word' id='word_1_216' title='bbox 312 2664 384 2726; x_wconf 90' lang='lat' dir='ltr'>inter</span> <span class='ocrx_word' id='word_1_217' title='bbox 396 2664 471 2725; x_wconf 89' lang='lat' dir='ltr'>dom.</span> <span class='ocrx_word' id='word_1_218' title='bbox 490 2663 632 2725; x_wconf 89' lang='lat' dir='ltr'>Lionetam</span> <span class='ocrx_word' id='word_1_219' title='bbox 650 2662 686 2723; x_wconf 91' lang='lat' dir='ltr'>de</span> <span class='ocrx_word' id='word_1_220' title='bbox 705 2669 771 2723; x_wconf 82' lang='lat' dir='ltr'>Jacz</span> <span class='ocrx_word' id='word_1_221' title='bbox 789 2674 818 2723; x_wconf 89' lang='lat' dir='ltr'>et</span> <span class='ocrx_word' id='word_1_222' title='bbox 835 2659 1011 2721; x_wconf 88' lang='lat' dir='ltr'>Guillelmum</span> <span class='ocrx_word' id='word_1_223' title='bbox 1040 2660 1107 2741; x_wconf 89' lang='lat' dir='ltr'>ejus</span> <span class='ocrx_word' id='word_1_224' title='bbox 1126 2660 1217 2723; x_wconf 90' lang='lat' dir='ltr'>lilium</span> <span class='ocrx_word' id='word_1_225' title='bbox 1237 2676 1287 2722; x_wconf 86' lang='lat' dir='ltr'>cuu</span> 
     </span>
     <span class='ocr_line' id='line_1_25' title="bbox 211 2754 1289 2839; baseline -0.005 -18"><span class='ocrx_word' id='word_1_226' title='bbox 211 2759 290 2821; x_wconf 90' lang='lat' dir='ltr'>dom⁰</span> <span class='ocrx_word' id='word_1_227' title='bbox 307 2760 461 2822; x_wconf 86' lang='lat' dir='ltr'>Humberto</span> <span class='ocrx_word' id='word_1_228' title='bbox 474 2758 605 2839; x_wconf 90' lang='lat' dir='ltr'>dalphino</span> <span class='ocrx_word' id='word_1_229' title='bbox 625 2756 785 2834; x_wconf 87' lang='lat' dir='ltr'>Viennensi,</span> <span class='ocrx_word' id='word_1_230' title='bbox 803 2770 832 2819; x_wconf 88' lang='lat' dir='ltr'>et</span> <span class='ocrx_word' id='word_1_231' title='bbox 845 2769 887 2819; x_wconf 89' lang='lat' dir='ltr'>est</span> <span class='ocrx_word' id='word_1_232' title='bbox 902 2754 998 2817; x_wconf 67' lang='lat' dir='ltr'>nmilia</span> <span class='ocrx_word' id='word_1_233' title='bbox 1010 2754 1172 2837; x_wconf 80' lang='lat' dir='ltr'>registrata</span> <span class='ocrx_word' id='word_1_234' title='bbox 1188 2770 1218 2821; x_wconf 91' lang='lat' dir='ltr'>et</span> <span class='ocrx_word' id='word_1_235' title='bbox 1236 2754 1289 2817; x_wconf 86' lang='lat' dir='ltr'>ideo</span> 
     </span>
     <span class='ocr_line' id='line_1_26' title="bbox 211 2854 515 2935; baseline 0.007 -20"><span class='ocrx_word' id='word_1_236' title='bbox 211 2854 301 2916; x_wconf 89' lang='lat' dir='ltr'>minus</span> <span class='ocrx_word' id='word_1_237' title='bbox 314 2855 447 2935; x_wconf 88' lang='lat' dir='ltr'>scripturn</span> <span class='ocrx_word' id='word_1_238' title='bbox 462 2868 515 2917; x_wconf 92' lang='lat' dir='ltr'>est.</span> 
     </span>
    </p>

    <p class='ocr_par' dir='ltr' id='par_1_4' title="bbox 210 2944 1292 3519">
     <span class='ocr_line' id='line_1_27' title="bbox 256 2944 1290 3036; baseline -0.005 -24"><span class='ocrx_word' id='word_1_239' title='bbox 256 2950 340 3012; x_wconf 86' lang='lat'>1618.</span> <span class='ocrx_word' id='word_1_240' title='bbox 363 2958 442 3027; x_wconf 76' lang='lat' dir='ltr'>item,</span> <span class='ocrx_word' id='word_1_241' title='bbox 462 2951 546 3033; x_wconf 90' lang='lat' dir='ltr'>qued.</span> <span class='ocrx_word' id='word_1_242' title='bbox 564 2952 642 3014; x_wconf 90' lang='lat' dir='ltr'>litera</span> <span class='ocrx_word' id='word_1_243' title='bbox 662 2951 751 3013; x_wconf 88' lang='lat' dir='ltr'>tribus</span> <span class='ocrx_word' id='word_1_244' title='bbox 774 2950 870 3036; x_wconf 82' lang='lat' dir='ltr'>sigillis</span> <span class='ocrx_word' id='word_1_245' title='bbox 886 2950 916 3012; x_wconf 93' lang='lat' dir='ltr'>in</span> <span class='ocrx_word' id='word_1_246' title='bbox 929 2948 1069 3031; x_wconf 89' lang='lat' dir='ltr'>pendenti</span> <span class='ocrx_word' id='word_1_247' title='bbox 1091 2950 1226 3033; x_wconf 82' lang='lat' dir='ltr'>sigillata,</span> <span class='ocrx_word' id='word_1_248' title='bbox 1248 2944 1290 3011; x_wconf 88' lang='lat' dir='ltr'>sub</span> 
     </span>
     <span class='ocr_line' id='line_1_28' title="bbox 212 3046 1291 3127; baseline 0 -20"><span class='ocrx_word' id='word_1_249' title='bbox 212 3065 284 3108; x_wconf 90' lang='lat' dir='ltr'>anno</span> <span class='ocrx_word' id='word_1_250' title='bbox 298 3046 351 3107; x_wconf 83' lang='lat' dir='ltr'>oni</span> <span class='ocrx_word' id='word_1_251' title='bbox 368 3053 626 3123; x_wconf 80' lang='lat' dir='ltr'>M⁰cc0txx.1x⁰,</span> <span class='ocrx_word' id='word_1_252' title='bbox 639 3046 684 3109; x_wconf 88' lang='lat' dir='ltr'>die</span> <span class='ocrx_word' id='word_1_253' title='bbox 701 3047 829 3109; x_wconf 88' lang='lat' dir='ltr'>mercurii</span> <span class='ocrx_word' id='word_1_254' title='bbox 844 3059 908 3109; x_wconf 89' lang='lat' dir='ltr'>ante</span> <span class='ocrx_word' id='word_1_255' title='bbox 917 3046 1019 3109; x_wconf 89' lang='lat' dir='ltr'>lestum</span> <span class='ocrx_word' id='word_1_256' title='bbox 1028 3046 1059 3108; x_wconf 85' lang='lat' dir='ltr'>b¹</span> <span class='ocrx_word' id='word_1_257' title='bbox 1070 3047 1213 3109; x_wconf 82' lang='lat' dir='ltr'>lobannis</span> <span class='ocrx_word' id='word_1_258' title='bbox 1221 3062 1291 3127; x_wconf 84' lang='lat' dir='ltr'>apua·</span> 
     </span>
     <span class='ocr_line' id='line_1_29' title="bbox 210 3140 1291 3224; baseline 0 -20"><span class='ocrx_word' id='word_1_259' title='bbox 210 3142 270 3218; x_wconf 90' lang='lat' dir='ltr'>toli,</span> <span class='ocrx_word' id='word_1_260' title='bbox 287 3142 432 3205; x_wconf 89' lang='lat' dir='ltr'>continens</span> <span class='ocrx_word' id='word_1_261' title='bbox 445 3143 519 3224; x_wconf 89' lang='lat' dir='ltr'>quod</span> <span class='ocrx_word' id='word_1_262' title='bbox 535 3143 612 3205; x_wconf 74' lang='lat' dir='ltr'>dona</span> <span class='ocrx_word' id='word_1_263' title='bbox 628 3152 720 3205; x_wconf 84' lang='lat' dir='ltr'>Leona</span> <span class='ocrx_word' id='word_1_264' title='bbox 735 3144 847 3206; x_wconf 89' lang='lat' dir='ltr'>domina</span> <span class='ocrx_word' id='word_1_265' title='bbox 864 3144 900 3206; x_wconf 90' lang='lat' dir='ltr'>de</span> <span class='ocrx_word' id='word_1_266' title='bbox 912 3152 979 3205; x_wconf 83' lang='lat' dir='ltr'>Jacz</span> <span class='ocrx_word' id='word_1_267' title='bbox 995 3156 1024 3206; x_wconf 86' lang='lat' dir='ltr'>et</span> <span class='ocrx_word' id='word_1_268' title='bbox 1048 3150 1158 3207; x_wconf 88' lang='lat' dir='ltr'>Petrus</span> <span class='ocrx_word' id='word_1_269' title='bbox 1182 3156 1212 3207; x_wconf 90' lang='lat' dir='ltr'>et</span> <span class='ocrx_word' id='word_1_270' title='bbox 1223 3140 1291 3205; x_wconf 88' lang='lat' dir='ltr'>Guil-</span> 
     </span>
     <span class='ocr_line' id='line_1_30' title="bbox 211 3239 1292 3325; baseline 0 -24"><span class='ocrx_word' id='word_1_271' title='bbox 211 3240 309 3302; x_wconf 89' lang='lat' dir='ltr'>lelmus</span> <span class='ocrx_word' id='word_1_272' title='bbox 318 3240 377 3318; x_wconf 90' lang='lat' dir='ltr'>ejus</span> <span class='ocrx_word' id='word_1_273' title='bbox 390 3239 437 3300; x_wconf 85' lang='lat' dir='ltr'>lilii</span> <span class='ocrx_word' id='word_1_274' title='bbox 452 3240 569 3302; x_wconf 81' lang='lat' dir='ltr'>confessi</span> <span class='ocrx_word' id='word_1_275' title='bbox 585 3242 696 3302; x_wconf 88' lang='lat' dir='ltr'>luerunt</span> <span class='ocrx_word' id='word_1_276' title='bbox 710 3240 813 3303; x_wconf 90' lang='lat' dir='ltr'>debere</span> <span class='ocrx_word' id='word_1_277' title='bbox 834 3240 923 3303; x_wconf 90' lang='lat' dir='ltr'>eidem</span> <span class='ocrx_word' id='word_1_278' title='bbox 937 3240 1017 3302; x_wconf 73' lang='lat' dir='ltr'>dom‘</span> <span class='ocrx_word' id='word_1_279' title='bbox 1034 3240 1190 3325; x_wconf 86' lang='lat' dir='ltr'>(Beattici)</span> <span class='ocrx_word' id='word_1_280' title='bbox 1213 3248 1292 3306; x_wconf 85' lang='lat' dir='ltr'>V¹¹et</span> 
     </span>
     <span class='ocr_line' id='line_1_31' title="bbox 212 3335 1292 3421; baseline 0.002 -22"><span class='ocrx_word' id='word_1_281' title='bbox 212 3338 250 3399; x_wconf 83' lang='lat' dir='ltr'>Vc</span> <span class='ocrx_word' id='word_1_282' title='bbox 266 3355 294 3398; x_wconf 84' lang='lat' dir='ltr'>vi</span> <span class='ocrx_word' id='word_1_283' title='bbox 311 3336 395 3398; x_wconf 88' lang='lat' dir='ltr'>libras</span> <span class='ocrx_word' id='word_1_284' title='bbox 408 3354 436 3397; x_wconf 89' lang='lat' dir='ltr'>x1</span> <span class='ocrx_word' id='word_1_285' title='bbox 446 3335 527 3398; x_wconf 86' lang='lat' dir='ltr'>solid.</span> <span class='ocrx_word' id='word_1_286' title='bbox 546 3354 575 3397; x_wconf 85' lang='lat' dir='ltr'>ni</span> <span class='ocrx_word' id='word_1_287' title='bbox 585 3336 682 3398; x_wconf 86' lang='lat' dir='ltr'>denar.</span> <span class='ocrx_word' id='word_1_288' title='bbox 695 3336 807 3398; x_wconf 88' lang='lat' dir='ltr'>obolum</span> <span class='ocrx_word' id='word_1_289' title='bbox 822 3336 957 3399; x_wconf 89' lang='lat' dir='ltr'>viennen.</span> <span class='ocrx_word' id='word_1_290' title='bbox 969 3355 1022 3417; x_wconf 93' lang='lat' dir='ltr'>pro</span> <span class='ocrx_word' id='word_1_291' title='bbox 1032 3339 1176 3421; x_wconf 80' lang='lat' dir='ltr'>guageriu</span> <span class='ocrx_word' id='word_1_292' title='bbox 1185 3338 1223 3401; x_wconf 87' lang='lat' dir='ltr'>de</span> <span class='ocrx_word' id='word_1_293' title='bbox 1234 3343 1292 3403; x_wconf 87' lang='lat' dir='ltr'>Ver·</span> 
     </span>
     <span class='ocr_line' id='line_1_32' title="bbox 212 3431 1052 3519; baseline -0.001 -22"><span class='ocrx_word' id='word_1_294' title='bbox 212 3453 264 3519; x_wconf 84' lang='lat' dir='ltr'>soy</span> <span class='ocrx_word' id='word_1_295' title='bbox 277 3433 349 3496; x_wconf 89' lang='lat' dir='ltr'>etde</span> <span class='ocrx_word' id='word_1_296' title='bbox 363 3433 445 3495; x_wconf 90' lang='lat' dir='ltr'>Clusa</span> <span class='ocrx_word' id='word_1_297' title='bbox 457 3446 485 3495; x_wconf 89' lang='lat' dir='ltr'>et</span> <span class='ocrx_word' id='word_1_298' title='bbox 497 3431 582 3495; x_wconf 90' lang='lat' dir='ltr'>leudo</span> <span class='ocrx_word' id='word_1_299' title='bbox 595 3432 677 3494; x_wconf 83' lang='lat' dir='ltr'>castri</span> <span class='ocrx_word' id='word_1_300' title='bbox 692 3432 857 3495; x_wconf 88' lang='lat' dir='ltr'>castillionis</span> <span class='ocrx_word' id='word_1_301' title='bbox 870 3432 898 3494; x_wconf 91' lang='lat' dir='ltr'>in</span> <span class='ocrx_word' id='word_1_302' title='bbox 920 3432 1052 3496; x_wconf 85' lang='lat' dir='ltr'>Michala.</span> 
     </span>
    </p>

    <p class='ocr_par' dir='ltr' id='par_1_5' title="bbox 212 3529 1290 3901">
     <span class='ocr_line' id='line_1_33' title="bbox 257 3529 1290 3613; baseline -0.003 -19"><span class='ocrx_word' id='word_1_303' title='bbox 257 3532 341 3613; x_wconf 80' lang='lat'>1619.</span> <span class='ocrx_word' id='word_1_304' title='bbox 364 3539 442 3606; x_wconf 84' lang='lat' dir='ltr'>Item,</span> <span class='ocrx_word' id='word_1_305' title='bbox 461 3530 546 3612; x_wconf 91' lang='lat' dir='ltr'>quod.</span> <span class='ocrx_word' id='word_1_306' title='bbox 570 3529 688 3592; x_wconf 89' lang='lat' dir='ltr'>vidimus</span> <span class='ocrx_word' id='word_1_307' title='bbox 703 3530 731 3592; x_wconf 92' lang='lat' dir='ltr'>in</span> <span class='ocrx_word' id='word_1_308' title='bbox 749 3530 865 3591; x_wconf 85' lang='lat' dir='ltr'>formam</span> <span class='ocrx_word' id='word_1_309' title='bbox 886 3529 1027 3612; x_wconf 90' lang='lat' dir='ltr'>publicam</span> <span class='ocrx_word' id='word_1_310' title='bbox 1052 3531 1196 3613; x_wconf 87' lang='lat' dir='ltr'>scriptum</span> <span class='ocrx_word' id='word_1_311' title='bbox 1218 3548 1290 3593; x_wconf 91' lang='lat' dir='ltr'>mauu</span> 
     </span>
     <span class='ocr_line' id='line_1_34' title="bbox 213 3616 1290 3710; baseline 0 -19"><span class='ocrx_word' id='word_1_312' title='bbox 213 3628 344 3710; x_wconf 89' lang='lat' dir='ltr'>Stephani</span> <span class='ocrx_word' id='word_1_313' title='bbox 361 3627 491 3703; x_wconf 88' lang='lat' dir='ltr'>deDisie‚</span> <span class='ocrx_word' id='word_1_314' title='bbox 504 3627 555 3690; x_wconf 90' lang='lat' dir='ltr'>sub</span> <span class='ocrx_word' id='word_1_315' title='bbox 569 3647 642 3688; x_wconf 92' lang='lat' dir='ltr'>anno</span> <span class='ocrx_word' id='word_1_316' title='bbox 654 3627 708 3689; x_wconf 81' lang='lat' dir='ltr'>oni</span> <span class='ocrx_word' id='word_1_317' title='bbox 726 3634 879 3690; x_wconf 84' lang='lat' dir='ltr'>M⁰CC⁰XC</span> <span class='ocrx_word' id='word_1_318' title='bbox 896 3634 959 3701; x_wconf 86' lang='lat' dir='ltr'>V10,</span> <span class='ocrx_word' id='word_1_319' title='bbox 971 3626 1018 3689; x_wconf 90' lang='lat' dir='ltr'>die</span> <span class='ocrx_word' id='word_1_320' title='bbox 1029 3616 1150 3691; x_wconf 81' lang='lat' dir='ltr'>veneris</span> <span class='ocrx_word' id='word_1_321' title='bbox 1165 3642 1232 3693; x_wconf 87' lang='lat' dir='ltr'>ante</span> <span class='ocrx_word' id='word_1_322' title='bbox 1246 3628 1290 3691; x_wconf 84' lang='lat' dir='ltr'>les·</span> 
     </span>
     <span class='ocr_line' id='line_1_35' title="bbox 212 3723 1289 3805; baseline 0.001 -19"><span class='ocrx_word' id='word_1_323' title='bbox 212 3737 269 3787; x_wconf 90' lang='lat' dir='ltr'>tum</span> <span class='ocrx_word' id='word_1_324' title='bbox 284 3725 310 3786; x_wconf 72' lang='lat' dir='ltr'>b*</span> <span class='ocrx_word' id='word_1_325' title='bbox 322 3723 473 3799; x_wconf 85' lang='lat' dir='ltr'>Michaelis,</span> <span class='ocrx_word' id='word_1_326' title='bbox 488 3724 566 3803; x_wconf 78' lang='lat' dir='ltr'>cujus</span> <span class='ocrx_word' id='word_1_327' title='bbox 579 3723 713 3804; x_wconf 83' lang='lat' dir='ltr'>originale</span> <span class='ocrx_word' id='word_1_328' title='bbox 721 3724 845 3786; x_wconf 87' lang='lat' dir='ltr'>continet</span> <span class='ocrx_word' id='word_1_329' title='bbox 856 3723 1081 3805; x_wconf 80' lang='lat' dir='ltr'>recognitionem</span> <span class='ocrx_word' id='word_1_330' title='bbox 1091 3726 1181 3789; x_wconf 84' lang='lat' dir='ltr'>castri</span> <span class='ocrx_word' id='word_1_331' title='bbox 1191 3726 1289 3789; x_wconf 77' lang='lat' dir='ltr'>delict</span> 
     </span>
     <span class='ocr_line' id='line_1_36' title="bbox 213 3819 1138 3901; baseline 0.004 -20"><span class='ocrx_word' id='word_1_332' title='bbox 213 3833 241 3881; x_wconf 90' lang='lat' dir='ltr'>et</span> <span class='ocrx_word' id='word_1_333' title='bbox 256 3819 307 3881; x_wconf 90' lang='lat' dir='ltr'>luit</span> <span class='ocrx_word' id='word_1_334' title='bbox 322 3820 389 3882; x_wconf 93' lang='lat' dir='ltr'>alias</span> <span class='ocrx_word' id='word_1_335' title='bbox 406 3819 539 3901; x_wconf 82' lang='lat' dir='ltr'>originale</span> <span class='ocrx_word' id='word_1_336' title='bbox 559 3819 746 3901; x_wconf 84' lang='lat' dir='ltr'>registratum,</span> <span class='ocrx_word' id='word_1_337' title='bbox 766 3820 830 3883; x_wconf 93' lang='lat' dir='ltr'>ideo</span> <span class='ocrx_word' id='word_1_338' title='bbox 843 3819 966 3882; x_wconf 86' lang='lat' dir='ltr'>breviter</span> <span class='ocrx_word' id='word_1_339' title='bbox 985 3820 1138 3885; x_wconf 87' lang='lat' dir='ltr'>transitur.</span> 
     </span>
    </p>

    <p class='ocr_par' dir='ltr' id='par_1_6' title="bbox 257 3906 1287 3999">
     <span class='ocr_line' id='line_1_37' title="bbox 257 3906 1287 3999; baseline 0.005 -21"><span class='ocrx_word' id='word_1_340' title='bbox 257 3915 341 3978; x_wconf 87' lang='lat'>1620.</span> <span class='ocrx_word' id='word_1_341' title='bbox 360 3924 439 3994; x_wconf 79' lang='lat' dir='ltr'>item,</span> <span class='ocrx_word' id='word_1_342' title='bbox 450 3916 534 3998; x_wconf 90' lang='lat' dir='ltr'>qued.</span> <span class='ocrx_word' id='word_1_343' title='bbox 548 3915 627 3980; x_wconf 88' lang='lat' dir='ltr'>litere</span> <span class='ocrx_word' id='word_1_344' title='bbox 643 3916 760 3999; x_wconf 80' lang='lat' dir='ltr'>sigillare</span> <span class='ocrx_word' id='word_1_345' title='bbox 773 3916 802 3979; x_wconf 92' lang='lat' dir='ltr'>in</span> <span class='ocrx_word' id='word_1_346' title='bbox 816 3915 949 3997; x_wconf 89' lang='lat' dir='ltr'>pendenti</span> <span class='ocrx_word' id='word_1_347' title='bbox 967 3915 1059 3997; x_wconf 82' lang='lat' dir='ltr'>sigillo</span> <span class='ocrx_word' id='word_1_348' title='bbox 1076 3906 1158 3983; x_wconf 72' lang='lat' dir='ltr'>eune</span> <span class='ocrx_word' id='word_1_349' title='bbox 1174 3916 1287 3985; x_wconf 80' lang='lat' dir='ltr'>officidit</span> 
     </span>
    </p>
   </div>
   <div class='ocr_carea' id='block_1_3' title="bbox 254 4116 864 4192">
    <p class='ocr_par' dir='ltr' id='par_1_7' title="bbox 254 4116 864 4192">
     <span class='ocr_line' id='line_1_38' title="bbox 254 4116 864 4192; baseline 0 -16"><span class='ocrx_word' id='word_1_350' title='bbox 254 4135 275 4176; x_wconf 85' lang='lat'>1.</span> <span class='ocrx_word' id='word_1_351' title='bbox 291 4118 330 4172; x_wconf 84' lang='lat' dir='ltr'>En</span> <span class='ocrx_word' id='word_1_352' title='bbox 343 4136 376 4175; x_wconf 90' lang='lat' dir='ltr'>m.</span> <span class='ocrx_word' id='word_1_353' title='bbox 393 4119 513 4191; x_wconf 88' lang='lat' dir='ltr'>Reposite</span> <span class='ocrx_word' id='word_1_354' title='bbox 527 4119 550 4175; x_wconf 92' lang='lat' dir='ltr'>in</span> <span class='ocrx_word' id='word_1_355' title='bbox 565 4118 657 4177; x_wconf 88' lang='lat' dir='ltr'>collino</span> <span class='ocrx_word' id='word_1_356' title='bbox 671 4116 864 4192; x_wconf 81' lang='lat' dir='ltr'>privilegiorum.</span> 
     </span>
    </p>
   </div>
   <div class='ocr_carea' id='block_1_4' title="bbox 0 0 1372 4784">
    <p class='ocr_par' dir='ltr' id='par_1_8' title="bbox 0 0 1372 4784">
     <span class='ocr_line' id='line_1_39' title="bbox 0 0 1372 4784; baseline 0 0"><span class='ocrx_word' id='word_1_357' title='bbox 0 0 1372 4784; x_wconf 95' lang='lat' dir='ltr'> </span> 
     </span>
    </p>
   </div>
  </div>
 </body>
</html>
