2716 4784
595 434 773 498 ..„,..

144 549 238 614 tinens
254 553 411 634 homagium
428 552 521 635 ligium
538 561 572 616 et'
590 552 811 634 recognicionem
835 553 915 615 lactis
933 553 1012 615 dom⁰
1026 553 1157 634 delphino
1170 573 1221 634 per

145 648 306 732 Aynardum
322 649 357 711 de
373 650 448 712 Bella
459 649 574 727 comba,
592 663 619 711 et
631 650 793 730 recognovit
806 650 898 712 omnia
910 670 965 731 que
977 661 1054 713 terret
1067 668 1083 711 a
1097 650 1176 712 dom⁶
1191 663 1220 714 et

145 744 339 808 nichilominus
354 747 406 809 luit
419 745 471 809 sihi
485 746 641 828 assignatus
656 747 789 808 terminus
801 747 835 808 ad
846 746 953 826 plenius
963 745 1221 825 recognoscendum

144 840 348 920 particulariter
362 857 390 905 et
406 843 533 906 distincte
544 856 564 905 ¹.

191 957 256 1017 57¹·
280 945 359 1015 Item,
378 942 465 1023 qued.⁴
486 941 581 1004 lietera
605 940 722 1022 sigillata
737 940 765 1002 in
786 938 930 1021 pendenti,
953 938 1055 1019 scripta
1073 937 1127 1000 sub
1146 947 1219 999 anno

147 1034 201 1097 nni
228 1029 386 1114 hl⁰CCC¹¹¹⁰,
411 1040 555 1102 continens
578 1039 653 1120 quod
680 1038 811 1120 magister
837 1037 977 1098 lohannes
1004 1036 1038 1098 de
1065 1035 1219 1099 Goncelino

102 1179 109 1190 .
144 1133 234 1212 major
254 1136 438 1200 confitebatur
451 1136 579 1198 habuisse
601 1149 628 1197 et
643 1136 782 1216 recepisse
802 1157 817 1196 a
832 1135 911 1197 doma
926 1133 1056 1215 dalphina
1070 1134 1219 1197 Viennensi
1330 1122 1339 1133 ’

145 1236 173 1292 Μ
196 1230 280 1294 libras
304 1233 484 1315 dalphinales,
509 1234 537 1294 in
557 1232 657 1314 quibus
676 1233 766 1295 eidem
791 1233 864 1295 dicta
885 1232 996 1295 domina
1018 1232 1165 1295 tenebatur
1184 1251 1219 1295 ex
1259 1289 1283 1321 ·.

144 1346 230 1391 causa
243 1330 416 1393 vendicionis
429 1330 493 1393 lacti
508 1330 543 1392 de
559 1329 686 1412 hybeno.

190 1445 254 1505 572.
282 1435 360 1504 Item,
383 1427 419 1490 al.
439 1428 650 1489 instrumentum
676 1427 715 1508 (ut
741 1427 824 1509 570),
849 1426 894 1488 die
914 1445 941 1487 χι
961 1445 1050 1489 merra.
1075 1425 1217 1503 febroarii,
1301 1420 1304 1427 ’

143 1524 292 1588 continens
309 1524 465 1606 homagium
489 1525 583 1607 ligium
602 1523 746 1605 prestitum
769 1543 820 1604 per
841 1523 1014 1586 Guillelmum
1036 1522 1072 1584 de
1091 1521 1220 1583 Chauro-

143 1641 226 1703 geres
239 1623 318 1686 dom⁰
333 1622 464 1704 dalphino
477 1625 535 1686 sine
548 1622 750 1704 assignatione.
886 1614 890 1623 ⁸

190 1738 255 1799 573.
279 1729 358 1798 Item,
381 1722 467 1803 quod.
490 1720 568 1802 publ:
590 1720 801 1783 instrumentum
823 1719 862 1802 (ut
886 1719 965 1800 570),
989 1718 1034 1780 die
1050 1731 1112 1779 rrrra
1126 1736 1216 1779 mens.

141 1816 269 1895 januarii,
286 1818 430 1880 continens
449 1818 606 1900 homagium
625 1817 719 1898 ligium
740 1817 886 1898 prestitum
901 1835 951 1896 per
968 1823 1090 1889 Petrum
1100 1815 1135 1877 de
1149 1822 1219 1877 hm-

141 1912 217 1976 bello
241 1914 320 1975 dom⁰
341 1914 471 1996 dalphino
495 1929 523 1977 et
545 1912 656 1977 termin.
682 1914 734 1976 sibi
761 1914 930 1995 assignatum
954 1913 990 1975 ad
1015 1912 1219 1993 particulariter

142 2014 411 2092 recognoscendum,
429 2015 504 2095 quod
517 2033 573 2075 non
587 2012 662 2082 fecit,

187 2127 252 2189 574.
273 2114 351 2186 hem,
370 2111 455 2192 quod.
473 2112 509 2173 al.
532 2113 608 2193 publ.
625 2115 838 2179 instrumentum
854 2109 893 2191 (ut
915 2107 993 2191 570),
1010 2106 1056 2170 die
1071 2118 1111 2168 rxa
1125 2104 1214 2169 mens.

139 2205 268 2283 ianuarii,
292 2206 436 2270 continens
459 2209 617 2290 homagium
640 2213 732 2294 ligium
749 2208 893 2290 prestitum
914 2205 994 2268 durno
1013 2203 1145 2286 dalpltino
1163 2220 1217 2284 per

143 2306 259 2363 Petrum
274 2304 414 2386 Goyraudi
429 2319 457 2367 et
472 2307 656 2371 terminum...
1179 2300 1181 2304 ¹
1207 2368 1209 2372 .

186 2418 251 2480 575.
273 2407 351 2477 ltem,
370 2403 457 2482 quod.
480 2403 557 2484 publ.
582 2405 793 2468 instrumentum
812 2420 893 2463 manu
911 2399 1043 2461 iohannis
1057 2398 1092 2460 de
1113 2403 1215 2459 Sancto
1252 2422 1257 2431 “

139 2595 245 2676 aprilis,
271 2595 416 2660 continens
440 2598 598 2681 homagium
627 2600 720 2682 ligium
744 2597 887 2680 prestitum
912 2594 989 2657 dom⁰
1013 2593 1144 2674 dalphino
1164 2612 1216 2674 per

139 2693 217 2755 dom.
235 2698 349 2755 Petrum
363 2694 479 2771 lsoardi,
496 2695 636 2759 dominum
651 2698 748 2779 d'hys.

185 2788 250 2868 576.
271 2796 350 2866 item,
375 2791 410 2852 al.
436 2790 647 2856 instrumentum
670 2793 801 2873 scriptum
822 2808 903 2850 manu
922 2788 997 2850 Petri
1016 2786 1143 2863 Assellni,
1163 2785 1215 2849 sub

139 2887 293 2948 annonr'ri
317 2889 514 2965 M0110LX1X0,
537 2911 555 2952 x
577 2890 690 2953 kalend.
713 2888 818 2971 aprilis,
841 2886 985 2949 continens
1008 2885 1083 2967 quod
1106 2885 1215 2947 Rodul-

139 2984 212 3065 phus
227 2982 262 3044 de
277 2984 398 3067 Theysio
412 2985 538 3049 vendidit
558 2988 635 3049 dom⁰
651 2993 736 3050 Petro
750 2983 875 3048 Auruscii
889 2982 1065 3045 medietatem
1080 3000 1132 3062 pro
1146 2981 1224 3042 indi-v

139 3080 201 3142 viso
226 3080 324 3143 domus
343 3082 445 3144 Montis
469 3084 559 3146 Fortis
576 3104 639 3147 cum
659 3083 775 3146 sedum&
797 3096 825 3144 et
845 3079 1022 3163 pertinenciis
1044 3079 1140 3160 ipsius,
1163 3070 1215 3140 site

138 3177 166 3238 in
181 3177 327 3258 parrochia
349 3179 385 3240 de
402 3179 511 3256 Crollis,
533 3194 560 3243 et
576 3181 742 3262 generaliter
758 3179 850 3242 omnia
869 3198 923 3259 que
940 3177 1061 3240 habebat
1079 3197 1095 3238 a
1112 3174 1213 3237 Silucta

138 3292 226 3354 usque
241 3273 314 3355 apud
331 3274 550 3357 Grationopolim
565 3278 633 3340 citra
644 3286 771 3353 Yseram,
786 3275 882 3359 precio
896 3277 943 3336 Vm
951 3264 1064 3336 solidor.
1076 3271 1212 3334 viennen.

183 3390 247 3451 577.
266 3379 345 3448 ltem,
360 3372 413 3434 tria
429 3373 539 3454 publica
552 3375 732 3438 instrumenta
749 3375 849 3455 scripta
864 3391 946 3434 manu
964 3369 1038 3433 Petri
1055 3367 1171 3431 Asselini
1185 3360 1213 3431 in

137 3487 194 3530 urta
209 3469 291 3548 pelle,
312 3468 364 3531 sub
379 3490 453 3532 anno
468 3472 522 3533 Diri
535 3478 729 3548 M011⁰LXXV,
748 3492 865 3554 quorum
877 3471 994 3553 primum
1010 3467 1133 3530 continet
1143 3486 1214 3528 ven-

136 3565 277 3628 dicionem
292 3565 393 3629 factam
413 3586 464 3649 per
486 3576 598 3632 Petrum
615 3569 651 3632 de
665 3577 793 3631 Granenc
814 3568 849 3630 de
869 3576 933 3629 11110r
950 3564 1071 3628 sestariis
1080 3556 1213 3626 'frumenti

136 3682 251 3739 census,
268 3664 420 3725 secundum
435 3666 559 3728 continet
575 3665 733 3746 homagium
746 3665 849 3726 factum
863 3683 913 3745 per
925 3664 1101 3724 Nantelmum
1113 3661 1214 3724 Sachet

134 3758 213 3822 dicto
235 3759 311 3822 dom.
336 3767 432 3838 Petro,
454 3763 571 3826 tercium
595 3781 662 3825 vero
679 3762 802 3825 continet
816 3760 1047 3842 permutationem
1061 3760 1162 3823 factam
1177 3760 1213 3822 de

133 3859 258 3942 quodam
271 3874 351 3944 prato
366 3860 440 3924 dicto
455 3860 568 3924 domino
584 3880 633 3942 per
653 3859 807 3940 Guigonem
823 3857 962 3920 Roboudi.
1211 3914 1215 3924 .

180 3956 246 4036 578.
274 3964 357 4034 ltem,
375 3957 462 4039 quod.
488 3957 565 4038 publ.
589 3957 799 4019 instrumentum
825 3955 956 4036 scripturn
978 3973 1060 4023 manu
1083 3955 1214 4024 lobannis

175 4177 197 4232 5.
215 4160 268 4215 Noa
283 4158 414 4217 Sciendum
429 4159 495 4234 quod
510 4158 591 4216 dictus
605 4161 656 4233 Ay.
673 4168 727 4217 erat
741 4168 812 4232 pater
827 4159 905 4238 patris
918 4160 983 4217 donn
998 4159 1115 4218 Bruttelli.
