2716 4784
584 401 624 414 -
650 368 702 446 136
722 401 783 463 -,

92 536 110 557 .
140 496 230 577 gniaci
256 516 354 578 aquam
376 510 404 559 et
419 499 510 580 loyam
535 498 570 559 de
595 497 717 571 carleto,
746 515 809 559 cum
839 509 899 558 toto
930 494 1090 576 piscatione
1120 494 1202 576 ipsius.

179 594 247 670 780.
266 601 344 667 ltenr,
363 593 449 674 quod.
464 593 541 674 publ.
557 594 768 656 instrumentum
786 612 841 655 uno
851 591 981 673 sigilloin
996 591 1132 673 pendenti
1148 591 1206 672 sigi·

140 690 235 765 latum,
250 689 382 770 scriptum
399 709 481 751 manu
495 690 631 751 Guillelmi
644 691 679 751 de
695 690 774 752 Ulcio
790 689 890 752 notarii
907 688 987 770 publ.
1009 689 1064 751 sub
1074 708 1147 750 anno
1162 689 1203 749 uti

141 790 340 859 tt⁰11⁶tttttt⁰‚
365 786 445 849 indit.
474 800 526 861 vu,
554 805 611 848 xvtr
641 786 753 848 kalend.
770 787 848 866 junii,
868 786 1016 848 continens
1046 786 1125 867 quod
1141 786 1201 847 don.

140 882 230 962 Guigo
247 883 282 943 de
294 883 454 963 Ruppecula
465 883 589 945 vendidit
601 884 679 945 dom⁰
689 885 808 965 Guigoni
822 884 953 965 dalphino
967 883 1204 946 Viennensionnia
1225 948 1228 955 ,

139 997 192 1058 que
207 977 327 1040 habebat
338 979 365 1040 in
376 992 434 1041 tota
450 979 521 1041 valle
536 980 676 1055 Alavardi,
692 981 746 1042 sint
764 980 859 1054 leuda,
881 998 995 1054 census,
1022 979 1146 1041 dominia
1169 977 1203 1038 vel

139 1073 341 1154 possessiones,
350 1088 378 1136 et
391 1094 445 1155 que
460 1075 541 1136 etiam
558 1077 718 1137 tenerentur
728 1076 763 1138 ab
776 1076 886 1151 eodem,
898 1076 995 1156 precio
1006 1079 1110 1137 XXV¹¹¹
1120 1074 1205 1137 solido

99 1202 103 1213 ·
139 1190 210 1233 rum.
228 1205 265 1218 —·
281 1173 349 1249 781.
369 1179 447 1248 ltem,
465 1173 551 1253 quod.
574 1173 610 1234 al.
631 1173 707 1253 publ.
724 1174 935 1235 instrumentum
952 1171 1115 1234 conlectum
1136 1191 1204 1233 manu

140 1269 271 1329 lobannis
285 1269 395 1348 Rogerii
410 1269 520 1343 notarii,
535 1269 587 1331 sub
597 1289 670 1331 anno
678 1284 706 1332 et
713 1269 797 1331 indic.
808 1269 933 1350 proxime
940 1269 1035 1345 dictis,
1044 1287 1097 1329 vtu
1105 1267 1204 1330 kalend.

139 1364 216 1443 junii,
233 1364 377 1426 continens
391 1363 567 1443 fidejussores
580 1365 659 1427 datos
674 1365 827 1446 prodebito
842 1365 1010 1447 supradicto
1028 1379 1057 1427 et
1068 1364 1206 1427 confessio-

140 1479 203 1521 nem
220 1460 285 1522 dicti
300 1460 395 1534 debiti,
411 1462 486 1542 quod
501 1462 649 1524 reddittum
664 1463 774 1524 videtur
789 1463 816 1524 in
832 1463 940 1543 signum
954 1461 1121 1524 solutionis.

181 1557 249 1632 782.
268 1563 346 1632 Item,
362 1558 446 1638 qued.
461 1559 555 1620 lietera
563 1559 739 1640 pergaminea
750 1579 806 1621 non
816 1559 944 1640 sigillata,
958 1558 1034 1620 iacta
1048 1579 1101 1639 per
1108 1558 1205 1620 modun

141 1651 271 1730 vidimus,
294 1654 439 1716 continens
453 1669 578 1717 tenorem
596 1655 801 1737 privilegiorum
827 1669 855 1717 et
879 1654 1108 1717 confirmationes
1126 1673 1207 1717 eorum

141 1770 338 1814 concessorum
352 1752 520 1813 monasterio
542 1753 634 1814 Sancti
661 1752 774 1814 Roberti
796 1771 845 1832 per
861 1751 933 1813 diros
947 1751 1099 1832 dalphinos
1120 1751 1208 1814 fonda-

140 1863 216 1911 tores
231 1848 317 1931 ipsius
333 1848 501 1911 monasterii.

181 1948 251 2025 783.
286 1953 365 2020 ltem,
397 1946 482 2027 quod.
503 1947 579 2027 publ.
609 1948 819 2009 instrumentum
842 1946 1008 2009 confectum
1029 1965 1116 2007 manu
1146 1945 1208 2007 Petri

142 2044 261 2105 Anselmi
284 2044 382 2104 notarii
403 2043 480 2124 publ.
506 2044 557 2105 sub
579 2063 652 2106 anno
668 2044 721 2105 Drii
744 2050 959 2119 M⁰CC⁰LXXV,
980 2043 1068 2105 indic.
1092 2063 1145 2120 rua,
1166 2057 1208 2105 tur

142 2139 254 2199 kalend.
282 2138 415 2216 octobris,
443 2140 588 2202 continens
615 2141 701 2221 quod.
726 2140 801 2201 dom.
833 2139 1031 2220 berengarius,
1062 2141 1209 2222 capellanus

143 2235 245 2297 Montis
258 2236 377 2311 Bonodi,
403 2238 478 2300 dedit
494 2239 571 2300 dom⁰
598 2245 631 2300 P.
653 2239 763 2300 Ausucii
779 2238 856 2300 militi
874 2238 903 2298 in
920 2257 971 2298 suo
995 2250 1208 2300 testamentum

141 2334 238 2396 denar.
267 2351 367 2394 census
391 2354 461 2415 quos
486 2336 537 2397 sibi
567 2335 687 2397 debebat
710 2335 867 2397 Arthaudus
890 2334 925 2395 de
941 2334 1084 2410 Cizerino,
1111 2335 1173 2396 item
1186 2351 1208 2394 ru

140 2431 221 2493 solid.
236 2450 306 2512 quos
317 2429 368 2491 sibi
380 2430 499 2493 debebat
512 2432 632 2493 lacobus
650 2432 765 2514 Feydef.

159 2578 160 2581 η
179 2529 249 2607 784.
270 2536 349 2602 ltern,
366 2528 450 2608 qued.
473 2528 566 2591 lictere
581 2530 608 2590 in
627 2529 757 2609 pendenti
773 2529 882 2590 duobus
902 2527 998 2609 sigillis
1019 2528 1151 2609 sigillate,
1166 2527 1208 2590 sub

139 2644 213 2686 anno
228 2624 315 2685 Dirice
333 2631 441 2686 incarn.
460 2628 671 2700 tt⁰11⁶xxvttt‚
691 2645 785 2687 mense
809 2625 913 2700 madio,
938 2624 1119 2687 continentes
1145 2623 1207 2707 quod

139 2721 280 2783 Villelmus
291 2721 325 2781 de
340 2721 462 2782 nvatone
477 2721 591 2783 donavit
605 2721 710 2782 Oberto
722 2721 980 2784 manescalcodom¹
990 2721 1118 2802 dalphini
1128 2721 1207 2783 omnia

138 2837 192 2899 que
206 2817 351 2878 habebata
366 2817 426 2878 lacu
440 2818 543 2880 Finenc
554 2838 640 2898 usque
653 2819 687 2880 ad
703 2832 815 2899 pontem
831 2819 866 2880 de
881 2817 984 2893 visilia,
1001 2833 1067 2881 sunt
1080 2820 1206 2892 homines,

138 2933 238 2976 census
254 2914 298 2974 vel
307 2913 500 2994 proprietates.

178 3011 246 3090 785.
266 3017 344 3083 trem,
363 3011 448 3090 quod.
466 3011 542 3092 publ.
564 3011 775 3073 instrumentum
791 3012 834 3094 (ut
849 3012 934 3094 704),
953 3012 1103 3076 continens
1120 3015 1208 3076 homa-

138 3108 212 3190 gium
226 3108 319 3189 ligium
334 3109 478 3189 prestitum
493 3128 542 3190 per
561 3108 719 3171 Guillonum
735 3111 770 3172 de
786 3109 973 3173 Ponczonatis
987 3122 1015 3171 et
1029 3112 1205 3174 terminum...

177 3203 246 3282 786.
270 3211 348 3280 item,
371 3205 456 3286 quod.
485 3206 695 3267 instrumentum
710 3207 867 3269 conlectum
881 3225 963 3268 manu
982 3207 1059 3269 Petri
1073 3207 1207 3278 Amselmi,

136 3303 188 3365 sub
204 3322 277 3364 anno
294 3303 347 3365 Dr‘ri
363 3307 558 3380 nottctxvu,
570 3304 666 3366 indict.
687 3317 737 3381 ura,
755 3325 785 3368 nt
804 3305 849 3367 die
864 3305 983 3367 intrante
999 3324 1098 3368 mense
1112 3305 1207 3387 aprilis,

136 3399 263 3463 contines
285 3401 359 3482 quod
379 3400 520 3462 Villelmus
534 3402 641 3462 Veteris
655 3402 789 3482 quictavit
803 3402 880 3464 dom⁰
894 3408 927 3465 Ρ.
946 3403 1058 3464 Aurucii
1078 3403 1116 3464 de
1134 3422 1142 3463 r
1160 3421 1209 3465 ses-

135 3497 206 3559 tario
220 3498 359 3572 frumenti,
377 3498 452 3579 quod
470 3497 589 3560 habebat
601 3498 674 3566 idem
687 3499 828 3561 Villelmus
843 3499 871 3560 in
888 3499 969 3560 vinea
982 3498 1101 3561 Giroudi
1116 3508 1209 3563 loven·

136 3594 197 3656 celli
203 3613 255 3675 pro
263 3614 271 3655 1
279 3595 333 3656 alio
340 3594 456 3657 sestario
466 3595 594 3657 frumenti
606 3614 706 3658 census
717 3597 793 3678 quod
805 3597 894 3659 eidem
906 3596 983 3658 dedit
992 3595 1084 3658 dictus
1092 3597 1169 3660 dom.
1179 3601 1206 3657 P.

121 3690 124 3699 '
175 3691 245 3767 787.
264 3697 342 3767 Item,
355 3691 441 3771 quod.
459 3691 536 3772 publ.
553 3692 765 3755 instrumentum
780 3694 912 3774 scriptum
927 3707 955 3755 et
970 3693 1113 3773 signatum
1134 3712 1206 3754 manu

136 3786 246 3856 Martini
276 3788 411 3868 Ranulphi
434 3788 533 3850 notarii
557 3789 634 3869 publ.
661 3791 696 3852 de
718 3790 925 3872 Gracionopoli,
942 3789 994 3851 sub
1004 3809 1080 3851 anno
1098 3789 1204 3852 Nativit.

103 3922 106 3927 >
137 3881 190 3943 Drii
210 3872 409 3960 M⁰CCC0XX⁰,
420 3884 504 3947 indic.
524 3897 578 3962 111³,
593 3886 638 3948 die
653 3906 685 3948 rra
697 3888 798 3949 mensis
807 3887 941 3962 octobris,
957 3887 1107 3950 continens
1117 3889 1207 3949 homa·

135 3979 209 4061 gium
235 3983 380 4060 prestitum
401 4002 451 4062 per
472 3983 537 4044 inem
567 3984 718 4066 principem
750 3985 825 4047 dom.
859 3985 1027 4066 Guigonem,
1052 3985 1204 4066 dalphinum

135 4077 318 4140 Viennensem
346 4079 424 4141 dom⁰
452 4082 584 4162 episcopo
612 4083 875 4172 Gracionopolitano
895 4083 1016 4146 existens
1039 4098 1106 4146 ante
1129 4082 1204 4145 altare
