2716 4784
514 373 691 452 -137..

106 506 193 568 «060.
211 513 291 579 Item,
306 505 391 586 quod.
407 505 485 586 publ.
497 504 851 584 irmarummnumsctiptm
860 521 946 565 manu
956 503 1091 565 lobannis
1104 503 1141 565 de

63 609 159 678 Petra,
174 601 213 664 de
230 607 327 664 Monte
343 603 488 683 Luppello,
517 602 616 665 notarii
645 602 722 683 publ.
748 601 803 663 sub
823 621 900 663 mano
924 601 1139 664 Dhicelnoam.
1223 613 1233 628 ·

62 705 310 776 M⁰crcc⁰xxl110,
336 698 422 762 indic.
453 711 517 774 mm,
539 698 585 760 die
611 698 881 778 umensisjanuarii,
897 698 1042 761 continens
1064 698 1139 780 quod

61 796 236 876 Guigonetus
249 795 284 859 de
298 795 415 872 Paluda,
433 795 564 858 dominus
594 795 762 872 castilionis,
776 794 903 859 vendidit
925 795 1003 859 dom⁰
1017 795 1141 860 Hennes

63 892 193 973 Dalphini
208 893 368 969 Viennensi,
393 892 538 974 recipienti
558 893 670 956 nomine
686 891 733 954 ill·
749 891 882 972 principis
904 891 982 954 dum.
1004 891 1141 973 Gu‘goais

59 988 185 1071 dalphini
212 989 386 1067 Viennensis,
416 1003 548 1065 castrum,
574 989 668 1051 villam
693 1002 721 1052 et
748 987 867 1069 burgum
894 987 987 1051 Sancti
1015 978 1141 1053 hlauricii

63 1094 185 1150 Remens
198 1106 262 1149 cum
279 1086 338 1166 ejus
352 1086 549 1149 mandamento
566 1100 594 1149 et
605 1086 758 1164 territorio,
770 1085 939 1163 hominibus,
959 1086 1085 1148 vassallis
1111 1101 1142 1160 et

60 1182 168 1263 juribus
176 1182 370 1259 vassallorum,
383 1202 462 1246 mero
479 1182 564 1245 mixto
580 1182 698 1263 imperio
719 1195 749 1246 et
770 1181 932 1245 omnimoda
953 1181 1139 1262 juridictione,

60 1279 203 1356 domibus,
218 1279 370 1357 fortaliciis,
386 1279 558 1356 nemoribus,
571 1279 692 1361 pascuis,
703 1279 800 1360 pratis,
811 1279 900 1341 vineis
912 1291 941 1342 et
948 1296 1082 1361 mnarum
1092 1279 1141 1342 do·

61 1376 202 1452 cursibus,
216 1396 271 1439 rma
285 1395 350 1440 cum
363 1376 424 1440 aliis
437 1376 521 1439 rebus
530 1376 633 1439 ibidem
642 1376 835 1453 existentibus,
848 1375 1068 1458 quibuscumque
1086 1395 1141 1440 no·
1180 1424 1184 1442 t

59 1474 182 1536 minibus
197 1487 363 1538 senceantur
378 1493 386 1552 ;
412 1474 457 1537 cui
471 1473 611 1537 territorio
625 1486 653 1536 et
667 1473 863 1536 mandamento
886 1473 1001 1536 coheres
1021 1472 1059 1536 ab
1084 1492 1141 1538 una

59 1584 140 1652 parte
153 1569 378 1633 mandamentum
392 1569 458 1633 dicti
469 1570 553 1633 castri
564 1569 740 1645 castillionis,
748 1589 811 1632 cum
821 1569 881 1633 aliis
890 1570 946 1632 suis
955 1569 1138 1647 ooherenei'ss,

59 1669 156 1750 precio
170 1668 247 1731 finito
266 1670 355 1731 Vlllm
369 1667 500 1730 librarum
513 1668 600 1731 bono.
616 1668 752 1731 viennen.
772 1687 842 1749 quas
861 1666 1004 1731 confossus
1018 1668 1072 1732 fuit
1087 1669 1142 1732 ha*

60 1764 180 1842 buisse;
216 1765 362 1827 continens
387 1765 473 1827 eciam
501 1764 723 1827 infeudacionem
748 1764 870 1826 omnium
902 1783 994 1827 rerum
1018 1764 1138 1846 predict.

58 1862 161 1924 factam
176 1862 251 1925 dicto
261 1863 418 1943 Guigoneto
433 1861 512 1945 (per)
529 1862 632 1926 dictum
646 1862 724 1925 dom.
748 1861 910 1939 henricum,
935 1861 1049 1925 nomine
1074 1862 1140 1927 dicti

59 1959 138 2021 dom.
155 1958 297 2040 dalphini3
315 1959 462 2023 continens
485 1961 573 2024 eciam
592 1960 685 2042 plures
698 1960 766 2024 alias
788 1960 994 2024 oonvenciones
1012 1948 1155 2042 etpacta'

59 2056 168 2120 habitas
181 2070 209 2119 et
219 2056 335 2120 habita'
327 2071 401 2121 mter
419 2070 514 2139 partes
526 2058 676 2139 predictas,
694 2077 749 2140 que
765 2058 876 2140 quidem
894 2069 1024 2141 pactast
1045 2057 1140 2121 omnia

59 2155 188 2234 predicta
198 2155 301 2236 scripta
317 2169 382 2218 sunt
401 2156 527 2219 intubus
541 2156 669 2238 pellibus.

108 2250 192 2314 1061.
210 2259 290 2326 Item,
315 2251 402 2334 quod.
423 2253 459 2316 al.
477 2253 556 2335 publ
577 2253 790 2317 instrumentum
806 2253 849 2335 (ut
863 2253 973 2335 989,s.
989 2273 1025 2316 m.
1041 2210 1107 2316 etd.
1109 2198 1136 2336 ),

58 2346 207 2411 continens
234 2348 392 2460 homagium
414 2350 558 2431 prestitum
582 2370 633 2432 per
655 2351 733 2413 dom.
766 2356 913 2432 hugonem
929 2349 965 2413 de
979 2350 1137 2433 Moyriaco,

59 2444 223 2507 canonicum
234 2444 345 2524 majoris
356 2445 472 2509 ecclesie
485 2446 690 2528 Lugdunensis,
706 2447 787 2509 dom⁰
794 2460 890 2510 nostro
896 2444 1137 2528 dalph1n0,vrdel.

60 2542 97 2604 de
114 2542 165 2604 hiis
176 2542 304 2604 omnibus
320 2563 374 2625 que
394 2557 471 2607 tenet
483 2564 532 2608 seu
547 2544 671 2626 possidet
691 2544 719 2606 in
732 2543 928 2608 mandamento
943 2541 1046 2607 Montis
1061 2547 1139 2624 lasp-

60 2638 178 2720 pelli,et
192 2640 377 2703 terminum...
427 2670 430 2675 ¹

101 2738 188 2800 1062.
219 2745 299 2815 Item,
331 2737 418 2820 quod.
447 2738 485 2802 al.
515 2738 728 2803 instrumentum
742 2739 785 2822 (ut
797 2739 882 2822 997),
899 2737 946 2802 die
956 2755 1016 2802 xvu
1045 2755 1136 2803 mens.

56 2834 200 2912 febroarii,
224 2836 369 2900 continens
391 2837 550 2918 homagium
573 2837 667 2918 ligium
693 2835 729 2900 de
749 2855 870 2919 persona
895 2834 1041 2919 prestitum
1054 2834 1138 2901 donu-
1182 2890 1185 2895 .

57 2946 155 2996 nostro
167 2933 299 3015 dalphino
315 2954 366 3014 per
381 2942 526 2999 Pemetum
542 2934 662 3016 salvagii
675 2933 712 2998 de
724 2941 817 3018 varey
829 2947 857 2998 et
868 2935 1056 3000 terminum...

103 3030 187 3109 1063.
199 3038 280 3108 ltem,
297 3031 385 3112 quod.
401 3031 438 3095 al.
454 3032 667 3097 instrumentum
683 3031 761 3113 publ.
784 3031 917 3114 scripturn
934 3052 1017 3097 manu
1035 3039 1138 3115 hymo-

56 3127 101 3190 nis
111 3128 146 3189 de
154 3135 248 3190 Torna
259 3128 310 3192 Fol
319 3129 417 3192 notarii
427 3129 504 3210 publ.
513 3129 565 3192 sub
576 3149 651 3193 anno
661 3129 716 3192 :Diri
728 3137 978 3208 M⁰CC⁰LXX⁰V1⁰,
992 3129 1135 3195 xkalond.

58 3225 194 3302 octobris,
212 3225 308 3290 indict.
325 3245 355 3304 ν,
369 3228 514 3291 continens
528 3227 860 3309 recognioionemtactam
872 3239 901 3291 et
914 3225 1073 3307 homagium
1086 3241 1137 3307 per

57 3323 230 3386 Guiffredum
245 3323 280 3386 de
293 3324 414 3403 Viriaco,
432 3325 573 3388 dominum
589 3326 691 3389 Montis
718 3325 836 3401 Revelli,
861 3325 941 3388 dom⁰
957 3336 1054 3387 nostro
1073 3321 1137 3386 dal-

58 3421 144 3502 phino
159 3420 195 3482 de
209 3421 260 3484 hiis
276 3441 330 3503 que
346 3435 496 3486 secuntur:
514 3423 604 3505 primo
626 3423 790 3505 recognovit
803 3421 877 3485 idem
898 3419 1054 3485 ouiffredus
1077 3432 1136 3485 tres

55 3532 150 3600 partes
172 3519 256 3583 castri
269 3534 298 3582 et
310 3519 392 3601 burgi
406 3520 509 3585 Montis
527 3521 644 3598 hevelli,
665 3520 734 3584 item
748 3519 872 3603 quicquit
884 3517 963 3599 juris,
977 3516 1093 3581 domini
1107 3531 1135 3583 et

58 3616 147 3698 usagii
162 3617 256 3694 habet,
268 3617 393 3699 possidet
407 3618 454 3681 vel
469 3619 546 3700 quasi
572 3638 623 3701 per
634 3638 665 3682 se
675 3619 721 3680 vel
734 3638 784 3699 per
797 3619 880 3682 alium
889 3617 919 3682 in
943 3630 1002 3680 toto
1017 3615 1136 3680 manda-

60 3720 156 3777 mento
168 3714 233 3778 dicti
249 3716 333 3780 castri
351 3716 453 3779 Montis
470 3716 588 3795 Revdli,
617 3729 645 3780 ot
668 3714 809 3797 homagia,
835 3715 917 3779 feuda
929 3727 959 3779 et
976 3713 1134 3781 remfouda

59 3833 234 3894 quecumque
246 3814 358 3892 habeat,
370 3827 517 3878 teneantur
538 3828 566 3878 et
586 3813 739 3877 habeantur
754 3814 790 3876 ab
812 3833 845 3876 eo
861 3832 1037 3896 quocumque
1047 3811 1135 3879 modo

58 3909 177 3972 indicto
195 3911 396 3975 ,mandamento
420 3924 448 3974 et
473 3912 502 3974 in
517 3911 668 3994 parrochiis
687 3910 780 3973 Sancti
797 3910 938 3992 Stephani,
955 3909 1048 3982 Sancti
1064 3916 1135 3974 Ger·

60 4006 133 4068 mani
150 4006 186 4068 de
203 4013 370 4070 Cormorosa
384 4029 392 4087 ;
407 4008 472 4072 item
489 4008 602 4071 feudum
619 4008 654 4071 de
669 4008 833 4090 Dolaymeu,
849 4028 883 4072 eo
902 4007 985 4071 modo
998 4021 1028 4072 ut
1041 4008 1132 4071 Guido

60 4102 95 4165 de
110 4103 276 4167 castellione
299 4117 376 4170 tenet
397 4105 509 4185 dietum
521 4105 643 4172 laudium
667 4104 776 4187 adicto
791 4103 950 4185 buisseio}
971 4105 1037 4172 item
1063 4103 1130 4188 quit·

612 4376 618 4411 ,
691 4377 695 4385 ,
