2722 4770
665 418 824 495 -76-

210 549 293 610 habet
310 550 337 610 in
354 565 447 612 castro
462 552 555 612 Sancti
571 552 680 612 Nazarii
695 565 723 613 et
740 552 913 632 pertinentiis
931 551 1066 629 ejusdem,
1086 553 1152 614 item
1170 551 1285 613 feudum

209 645 284 725 quod
299 645 358 725 ipse
370 647 453 708 habet
467 649 494 708 in
509 661 588 728 parte
604 667 686 728 quam
700 660 777 709 tenet
792 647 869 707 dom.
886 647 1077 729 G(uilelimus)
1093 648 1128 710 de
1159 647 1286 710 Pictavia

208 740 236 801 in
249 753 324 802 terra
333 756 361 802 et
375 743 503 822 segnoria
517 744 600 804 castri
617 742 732 804 Clariaci
747 757 776 805 et
788 743 874 823 Rupis
895 743 931 805 de
943 744 1025 826 Cluy,
1041 745 1106 806 item
1121 758 1150 806 et
1164 759 1285 807 castrum

123 921 126 924 .
210 837 379 898 Montisclari
389 857 451 898 curn
468 839 527 915 ejus
539 839 720 918 pertinentiis,
737 853 765 901 et
777 841 870 900 omnia
882 840 934 900 alia
959 840 982 900 si
1006 840 1085 919 plura
1095 841 1287 930 reperirentur

209 932 285 992 dicto
299 932 374 993 dom.
392 933 524 1013 dalphino
539 949 567 995 et
585 936 644 1012 ejus
663 935 886 997 antecessoribus
898 936 1040 1012 recognita
1055 937 1082 997 in
1096 938 1288 999 instrumentis

209 1047 258 1089 seu
283 1029 367 1090 cartis
397 1049 447 1109 per
460 1030 549 1110 ipsum
560 1031 693 1092 factarum
707 1033 788 1093 domo
802 1033 951 1113 G(uigoni)
962 1032 1093 1112 dalphino
1107 1035 1227 1095 condam
1241 1034 1286 1095 vei

210 1125 288 1186 dom⁰
306 1126 459 1188 Humberto
476 1127 540 1188 olim
555 1128 687 1208 dalphino
704 1130 774 1209 patri
793 1129 867 1190 dom¹
881 1129 1023 1202 iohannis,
1039 1143 1068 1191 et
1084 1150 1136 1210 pro
1154 1131 1288 1211 predictis

210 1221 301 1283 dictus
312 1223 389 1283 dom.
402 1231 537 1305 aymarus
547 1225 703 1304 homagium
719 1226 812 1306 ligium
827 1226 902 1287 dicto
917 1226 993 1286 dom.
1008 1226 1140 1306 dalphino
1155 1229 1284 1308 prestitit.

253 1320 318 1394 388.
344 1327 423 1392 Item,
440 1321 526 1401 quod.
542 1322 619 1402 publ.
645 1322 855 1384 instrumentum
873 1323 1004 1402 scriptum
1027 1342 1109 1383 manu
1135 1324 1284 1385 Raimundi

212 1415 313 1476 Esmini
328 1416 363 1477 de
376 1417 497 1498 Upaysio
513 1418 612 1479 notarii
636 1418 727 1499 publ.,
743 1419 795 1480 sub
811 1439 884 1480 anno
901 1419 954 1479 Diti
971 1425 1227 1493 M⁰CCC⁰XXX11⁰,
1243 1419 1287 1479 die

209 1525 268 1571 xrr³
283 1512 384 1574 mensis
404 1513 579 1593 septembris,
605 1516 750 1577 continens
764 1517 838 1597 quod
852 1517 928 1577 dom.
945 1524 1080 1598 aymarus
1097 1516 1133 1577 de
1145 1516 1282 1589 Pictavia,

209 1626 303 1669 comes
319 1609 492 1670 valentinen.
508 1625 536 1671 et
550 1611 669 1689 Diensis,
687 1612 831 1673 confessus
844 1612 895 1672 fuit
906 1626 935 1673 et
948 1612 1112 1691 recognovit
1136 1631 1167 1672 se
1190 1626 1287 1672 tenere

209 1717 343 1766 ettenere
353 1706 457 1768 debere
476 1707 504 1767 in
521 1707 633 1768 seudum
659 1709 737 1769 dom⁰
756 1709 875 1788 Guigoni
906 1708 1037 1788 dalphino
1067 1707 1218 1769 Viennensi
1243 1727 1287 1768 res

208 1800 408 1883 infrascriptos,
423 1803 507 1864 videl.
524 1818 644 1865 castrum
660 1805 696 1865 de
709 1805 792 1866 Stella
806 1804 866 1865 ³sub
882 1818 958 1865 certa
978 1804 1078 1875 forma,
1092 1803 1157 1864 item
1182 1817 1286 1864 terram

208 1917 286 1959 suam
305 1900 341 1961 de
358 1901 472 1974 Roanis,
494 1915 595 1962 terram
613 1901 760 1982 Clayriaci,
787 1901 889 1962 Montis
907 1900 980 1962 clari
1003 1900 1055 1961 sub
1078 1914 1154 1962 certa
1183 1900 1285 1975 forma,

209 2010 331 2058 castrum
345 1998 381 2058 de
395 2006 516 2074 Verona,
531 1999 708 2060 medietatem
717 1999 782 2059 ville
793 1999 829 2060 de
844 1999 1028 2078 Taulignano,
1042 2005 1161 2059 Pontem
1176 1998 1284 2076 Aujart,

209 2093 384 2155 medietatem
398 2109 427 2156 et
441 2095 632 2157 duodecimam
650 2109 756 2176 partem
773 2096 923 2157 audenedi
937 2109 965 2156 et
984 2095 1123 2156 territoria
1143 2115 1199 2176 que
1224 2108 1288 2156 sunt

210 2189 277 2250 citra
292 2209 392 2270 aquam
407 2206 534 2252 vocatam
548 2200 612 2264 Les,
636 2204 664 2252 et
685 2192 798 2252 feudum
820 2192 895 2272 quod
917 2205 1014 2253 tenent
1031 2191 1060 2252 in
1085 2192 1284 2254 mandamento

210 2285 275 2347 dicti
293 2287 375 2348 castri
390 2288 507 2349 heredes
530 2288 634 2370 P(etri)
664 2289 700 2350 de
728 2288 905 2366 Montejovis,
934 2301 963 2349 et
976 2287 1055 2367 plura
1080 2288 1133 2348 alia
1150 2288 1237 2349 feuda
1259 2289 1286 2349 in

209 2382 284 2446 dicto
297 2385 480 2447 instrumento
492 2387 633 2448 declarata
642 2399 670 2447 et
681 2385 851 2466 specificata,
866 2387 965 2448 etinde
977 2385 1096 2466 prestitit
1105 2385 1280 2447 eidemdom.

209 2480 340 2561 dalphino
354 2483 511 2564 homagium
529 2484 581 2545 sub
595 2485 683 2545 forma
701 2484 729 2544 in
743 2483 819 2544 dicto
830 2483 1013 2544 instrumento
1026 2495 1169 2543 contenta.

252 2579 316 2659 389·
335 2587 415 2655 Item,
438 2582 524 2663 quod.
546 2582 584 2642 al.
604 2581 816 2643 instrumentum
841 2599 923 2640 manu
947 2578 1047 2640 notarii
1076 2578 1204 2658 proxime
1222 2578 1288 2639 dicti

208 2675 377 2752 coniectum,
404 2677 456 2739 sub
482 2698 568 2752 anno,
587 2677 697 2751 indict,
713 2677 759 2738 die
782 2692 809 2738 et
833 2676 896 2738 loco
913 2676 1013 2757 quibus
1028 2694 1123 2755 supra,
1140 2674 1288 2735 continens

208 2772 291 2834 etiam
305 2773 392 2834 verba
405 2775 433 2835 in
447 2774 547 2837 etiectu
563 2776 657 2856 quein
672 2775 727 2836 alio
743 2774 868 2854 proxime
880 2774 956 2836 dicto
969 2774 1060 2835 instr¹⁰
1074 2773 1267 2836 continentur.

251 2871 514 2952 390.1tem‚qu0d.
544 2872 611 2952 pub.
640 2874 850 2934 instrumentum
871 2871 915 2952 (ut
931 2871 1038 2954 388)...
1058 2871 1204 2950 Upasio...
1235 2890 1283 2932 an.

210 2972 318 3026 lncarn.
339 2966 465 3028 Dirice...
480 2967 548 3043 bris,
579 2988 602 3028 re
623 2969 733 3044 indict,
759 2981 835 3030 cont.
853 2988 883 3049 q.
900 2968 929 3029 d.
948 2976 982 3029 Α.
998 2969 1092 3039 deP.,
1107 2967 1134 3028 c.
1154 2975 1190 3029 V.
1207 2980 1236 3030 et
1251 2975 1286 3029 D.

207 3080 323 3142 recogn.
337 3082 368 3124 se
383 3077 441 3125 ten.
458 3064 493 3124 de
507 3064 592 3125 feudo
607 3077 635 3124 et
649 3064 772 3124 dominio
792 3064 818 3122 di
833 3064 967 3144 Guigonis
985 3063 1080 3143 daiph.
1096 3062 1178 3124 Vien.
1194 3083 1240 3124 res
1261 3077 1291 3125 et

207 3159 282 3220 bona
305 3159 489 3240 infrascripta,
512 3160 570 3220 vid.
585 3173 705 3220 castrum
723 3159 759 3220 de
775 3159 857 3221 Stella
871 3174 954 3241 prout
967 3161 995 3220 in
1008 3160 1193 3222 instrumento
1208 3179 1290 3221 com-

206 3253 350 3336 positionis
377 3257 495 3317 condam
524 3257 597 3317 facte
618 3256 690 3316 iuter
709 3256 922 3335 predecessores
943 3257 1011 3318 dict.
1027 3256 1206 3317 dominorum
1224 3258 1289 3337 ple-

206 3351 268 3414 nius
292 3352 459 3430 continetur,
490 3354 522 3414 it.
548 3366 650 3435 terram
668 3372 746 3414 suam
775 3354 810 3414 de
828 3354 950 3436 Royanis
976 3366 1004 3414 et
1020 3366 1124 3415 terram
1149 3353 1290 3435 Clayriaci

209 3469 290 3530 quarn
316 3464 393 3513 tenet
417 3450 527 3512 adicto
547 3449 624 3510 dom.
654 3455 775 3531 aymaro
800 3449 877 3510 dom.
901 3448 1061 3535 Guilleimus
1088 3448 1124 3508 de
1147 3449 1288 3525 Pictavia,

209 3552 332 3609 Montem
361 3549 483 3622 Clarum,
515 3547 620 3608 Bellum
653 3553 764 3606 Fortem
789 3565 852 3607 cum
879 3546 1030 3620 territorio,
1065 3559 1187 3625 excepto
1213 3546 1290 3608 facto

210 3647 368 3706 Monasterii
382 3647 457 3726 quod
473 3645 524 3728 fuit
536 3644 609 3706 dom¹
622 3643 745 3723 episcopi
760 3642 934 3704 valentinen.
965 3654 994 3702 et
1021 3640 1142 3713 Diensis,
1164 3657 1291 3705 castrum

208 3739 242 3820 (l.
269 3740 339 3820 8)...
354 3761 407 3802 ano
424 3756 453 3804 et
467 3749 577 3802 Pont...
598 3749 651 3801 Les
673 3757 772 3798 versus
786 3738 854 3798 dict.
870 3750 1002 3811 castrum,
1017 3749 1044 3797 et
1069 3722 1186 3798 ieud...'
1204 3741 1292 3802 castri

208 3835 244 3897 ab
258 3855 292 3896 eo
301 3836 446 3900 ultradict.
462 3858 561 3917 aquam
578 3821 676 3898 uersus
690 3834 857 3895 Alanconem
867 3833 931 3893 ber.
949 3833 1023 3894 Petri
1036 3833 1072 3893 de
1085 3841 1183 3897 Monte
1197 3838 1289 3912 lovis,

208 3934 273 3996 item
291 3945 319 3993 et
330 3934 449 4014 quedam
464 3935 517 3995 alia
530 3935 613 3995 feuda
622 3933 650 3994 in
662 3931 738 3991 dicto
760 3929 851 3990 inemo
861 3942 1002 3992 contenta.

254 4047 319 4111 39¹·
355 4035 433 4104 ltem,
456 4029 543 4109 quod.
573 4027 651 4108 publ.
680 4026 892 4086 instrumentum
914 4025 1070 4086 confectum
1090 4046 1176 4088 manu
1202 4029 1290 4111 Guig.

210 4125 352 4192 Frumenti
367 4137 395 4188 et
411 4125 595 4205 subscriptum
618 4141 702 4184 manu
731 4120 833 4182 Humb¹
852 4120 933 4182 Pilati
948 4133 1008 4183 not.
1031 4122 1115 4201 pub,
1138 4125 1193 4188 sub
1213 4147 1291 4191 anno
