2716 4784
597 397 753 441 -12-

137 511 200 572 clite
213 511 413 575 recordationis
428 511 501 572 domi
517 510 629 573 Henrici
648 510 786 590 Dalphini,
812 510 989 572 baroniarum
1022 513 1216 575 montisalbani

138 621 166 670 et
184 608 359 669 Medullionis
371 608 488 683 domini,
504 609 549 688 qui
569 608 596 669 in
624 608 698 670 dicto
725 627 775 669 suo
797 621 964 671 testamento
978 610 1111 671 heredem
1142 631 1216 672 suum

139 705 321 765 universalem
336 705 453 766 instituit
465 705 597 766 illustrem
613 705 765 785 principem
780 704 855 765 dom.
869 704 1024 784 Guigonem
1043 705 1214 786 dalphinum,

139 813 268 879 nepotem
286 820 377 875 suum,
392 801 538 862 continens
550 802 632 862 eriam
644 801 721 880 plura
732 801 822 881 legata
833 801 861 862 in
878 801 977 862 eodem
986 801 1142 882 descripta.

180 917 228 976 47.
248 905 327 974 ltem,
340 897 446 978 quodd.
466 898 845 960 instrumentumconfectum
862 918 944 960 manu
959 899 1077 961 Jordani
1095 900 1220 962 Pellerini

139 996 238 1057 notarii
254 996 344 1077 publ,
362 996 415 1057 sub
428 1016 501 1056 anno
519 991 605 1058 urtice
630 1004 767 1058 lncarnat.
788 1004 1003 1070 M⁰CC⁰XXXV‚
1027 999 1129 1062 indict.
1146 1015 1216 1076 vnn,

139 1094 183 1155 die
198 1095 292 1156 martis
305 1111 367 1155 anu
384 1094 429 1156 die
445 1095 616 1170 novembris,
651 1095 796 1156 continens
826 1109 1021 1157 testamentum
1045 1111 1074 1158 et
1098 1099 1217 1160 ultimam

139 1191 309 1253 voluntatem
326 1191 468 1252 Boniliacii
486 1192 654 1272 marquionis
668 1193 770 1254 Montis
788 1193 904 1267 Ferrati,
931 1192 977 1273 qui
1010 1193 1146 1267 heredem
1170 1196 1218 1256 sibi

138 1287 253 1348 instituit
269 1287 297 1347 in
326 1288 517 1367 marquionaru
536 1289 639 1349 Montis
656 1289 761 1350 Ferrati
792 1289 907 1368 predicti
926 1288 1057 1351 dilectum
1088 1306 1217 1372 nepotem

139 1404 230 1458 suum,
242 1383 327 1445 hlium
343 1385 415 1445 dom‘
429 1386 563 1465 Guigonis
579 1386 701 1466 delphini
713 1401 740 1448 et
756 1387 888 1448 Beatricis
903 1387 1007 1448 sororis
1022 1388 1090 1450 dicti
1102 1403 1235 1463 testato,

138 1481 185 1557 ris,
204 1482 278 1562 quod
293 1496 487 1544 testamentum
499 1497 541 1544 est
553 1503 609 1544 uno
624 1484 720 1564 sigillo·
729 1485 756 1545 in
769 1485 861 1545 cetico
879 1484 942 1546 albo
958 1499 985 1547 et
1006 1485 1097 1547 rubeo
1117 1487 1219 1567 sigilla·

139 1592 197 1641 tum
213 1599 278 1642 cera
291 1581 364 1643 alba.

183 1680 232 1756 48.
250 1687 329 1753 ltem,
346 1679 432 1758 quod.
446 1678 519 1740 aliud
535 1679 747 1741 instrumentum
771 1698 853 1740 manu
884 1679 1008 1759 proxime
1036 1679 1106 1740 dicti
1126 1680 1221 1742 notarii

140 1775 298 1836 confectum
314 1789 342 1836 et
358 1795 443 1852 anno,
468 1777 564 1838 indict.
590 1792 618 1839 et
638 1778 683 1839 die
705 1778 831 1857 proxime
854 1778 946 1853 dietis,
963 1777 1111 1840 continens
1143 1778 1220 1839 etiam

139 1883 335 1934 testamentum
352 1873 417 1935 dicti
433 1874 602 1954 marquionis
626 1889 653 1936 et
679 1876 876 1937 institutionem
893 1875 1004 1936 heredis
1020 1876 1217 1956 supradictam,

140 1969 343 2053 sigillorumque
358 1972 386 2032 in
399 1972 532 2050 pendenti
550 1972 577 2033 in
591 1973 683 2034 cetico
694 1973 771 2034 vario
787 1992 851 2035 cera
864 1972 967 2054 a<l)ba.

180 2085 228 2147 49.
245 2074 324 2140 Item,
344 2068 428 2147 qued.
443 2068 521 2129 litere
534 2088 590 2130 uno
607 2070 696 2150 sigillo
713 2071 739 2130 in
754 2071 884 2150 pendenti
912 2070 1039 2150 sigillato,
1069 2071 1123 2132 sub
1153 2090 1219 2132 anno

143 2155 196 2222 Drii
213 2168 441 2241 M⁰CC⁰XXXll⁰,
459 2185 553 2227 mense
575 2165 651 2244 julio,
669 2167 813 2228 continens
837 2167 988 2246 quodcum
1007 2167 1086 2228 doma
1098 2169 1218 2242 Beatrix,

141 2259 281 2321 comitissa
298 2262 399 2323 Montis
415 2263 517 2337 Fortis,
528 2263 699 2325 vendidisset
715 2265 793 2325 dom⁰
814 2265 923 2326 Andree
939 2264 1074 2344 dalphino
1087 2267 1163 2346 patri
1176 2285 1221 2328 suo

141 2358 289 2421 comitatus
304 2379 369 2420 suos
384 2361 539 2440 vapincesii
551 2375 578 2423 et
592 2361 784 2436 Ebredunesii,
799 2361 874 2442 quod
901 2360 973 2422 idem
991 2361 1069 2422 dom.
1097 2363 1220 2425 Andreas

140 2455 381 2537 faciebatpactum
408 2457 497 2519 eidem
515 2459 634 2521 Beatrici
651 2459 798 2520 decadem
817 2458 983 2521 instituenda
999 2459 1027 2519 in
1044 2461 1220 2523 comitatibus

140 2553 272 2634 predictis
283 2567 312 2615 et
327 2554 459 2616 comitatu
472 2555 633 2632 Viennensi,
652 2556 797 2617 continens
820 2556 902 2617 etiam
917 2555 1035 2636 quedam
1063 2557 1118 2618 alia
1144 2572 1220 2638 pacta

141 2650 168 2710 in
179 2649 278 2711 eodem
295 2650 478 2712 instrumento
496 2652 646 2714 declarata.

185 2765 229 2825 50.
247 2754 326 2822 Item,
340 2747 425 2827 quod.
445 2749 584 2827 publicum
597 2750 809 2812 instrumentum
832 2763 975 2830 receptum
1002 2769 1086 2810 manu
1111 2751 1220 2812 Andree

78 2846 81 2856 '
142 2842 209 2922 Zupi
223 2843 321 2904 notarii
342 2857 370 2905 et
397 2858 553 2924 grossatum
582 2847 809 2908 manuJohannis
828 2846 948 2907 Bovardi
979 2859 1054 2921 not.,
1072 2846 1125 2908 sub
1151 2866 1219 2908 anno

143 2943 281 2999 lucamat.
301 2940 380 3000 Dom¹
398 2948 568 3018 Mullcxlu,
594 2944 690 3005 indict.
710 2960 750 3018 ut,
767 2943 811 3005 die
829 2953 879 3003 νιι0
897 2943 998 3004 mensis
1013 2943 1109 3017 madii,
1132 2944 1221 3005 conti-

139 3054 208 3096 nens
216 3035 386 3099 solucionem
400 3040 500 3101 laetam
515 3040 593 3101 dom⁰
608 3041 736 3121 Philippo
749 3042 784 3102 de
795 3040 944 3115 sabaudia,
958 3039 1075 3120 principi
1091 3047 1217 3122 nquaye,

139 3152 189 3213 per
205 3134 280 3195 dom.
294 3137 447 3197 lohannem
457 3137 617 3218 dalphinum
632 3139 667 3199 de
676 3144 753 3198 Xllm
767 3137 842 3199 libris
852 3138 879 3198 in
890 3136 990 3218 quibus
1004 3137 1094 3197 eidem
1105 3138 1220 3200 teneba-

86 3250 89 3257 ·
139 3239 194 3304 tur,
208 3249 243 3290 ex
257 3250 340 3294 causa
355 3233 427 3295 dotis
442 3235 536 3296 uxoris
550 3256 599 3297 sue
609 3249 638 3296 et
652 3235 755 3295 sororis
769 3235 834 3296 dicti
849 3235 925 3295 dom.
940 3234 1074 3313 dalphini.

185 3344 229 3406 51.
262 3335 341 3406 ltem,
371 3331 456 3415 qued.
486 3332 563 3393 litere
577 3333 605 3392 in
622 3331 753 3413 pendenti
775 3332 895 3411 quodam
919 3331 1008 3411 sigillo
1030 3349 1114 3392 cereo
1132 3331 1219 3412 sigillo

142 3426 205 3508 (leg.
222 3428 329 3511 s-late),
347 3431 398 3493 sub
418 3450 491 3492 anno
509 3430 591 3492 Verbi
620 3430 756 3492 incarnati
773 3436 934 3505 M⁰CC⁰XI⁰,
965 3438 1006 3488 vt⁰
1034 3428 1079 3490 die
1115 3429 1218 3510 aprilis,

141 3526 284 3588 continens
297 3528 372 3608 quod
385 3548 448 3589 cum
472 3527 593 3603 Beatrix,
612 3527 730 3588 condam
759 3546 829 3586 uxor
846 3525 983 3607 Delphini,
1009 3540 1126 3605 propter
1153 3547 1220 3588 con-

143 3623 354 3703 sanguinitatem
373 3625 469 3686 suisset
494 3625 604 3686 adicto
630 3623 761 3704 dalphino
789 3637 926 3703 separata,
953 3622 1028 3704 quod
1052 3623 1114 3703 ipsa
1141 3623 1222 3685 dabat

143 3720 197 3782 filie
212 3740 260 3782 sue
273 3742 354 3802 quam
370 3744 385 3784 a
400 3723 475 3784 dicto
490 3722 621 3803 dalphino
636 3734 799 3800 succeperat
812 3720 972 3781 comitatum
988 3738 1068 3779 suum
1085 3725 1224 3800 Furquar·

144 3817 231 3899 querii
249 3832 276 3880 et
292 3820 383 3880 omnia
398 3821 433 3881 ad
452 3821 580 3882 eumdem
597 3818 757 3881 comitatum
768 3817 946 3898 pertinentia.

188 3933 232 3994 5²·
252 3918 426 3998 item,quod.
443 3918 584 3999 publicum
604 3917 816 3980 instrumentum
829 3915 961 3996 scripturn
975 3932 1058 3974 manu
1090 3914 1224 3976 lohannis

146 4014 394 4077 Nicholetinotarii
409 4016 501 4097 publ,
527 4017 578 4078 sub
600 4035 673 4077 anno
691 4015 769 4075 Domi
792 4018 973 4086 lll⁰lll⁰XLl⁰,
997 4010 1095 4072 indict.
1124 4032 1165 4089 nt,
1185 4013 1225 4074 die

147 4127 227 4175 xlllll
243 4113 344 4176 mensis
358 4113 436 4194 junii,
453 4114 599 4175 continens
612 4113 686 4194 quod
701 4112 813 4174 illustris
827 4111 955 4191 princeps
964 4110 1039 4170 dom.
1054 4109 1226 4173 llumbertus
