2716 4784
583 398 765 443 -202—

180 517 265 578 1128.
284 523 363 590 lton,
373 514 462 597 quud.
477 514 515 576 al.
532 514 746 575 instrumentum
762 512 841 594 publ.
857 514 1005 595 seriptum
1025 515 1210 597 mnuGuip

135 614 178 675 nis
190 614 274 676 coire
285 612 386 675 notarii
397 612 475 693 publ.
493 611 546 673 sub
559 630 633 673 anno
651 610 1093 689 uniwcccoxo,inun.v1n·,
1107 611 1210 693 diejur'u

135 726 198 792 pust
213 712 313 774 festum
328 711 359 773 b·
390 710 580 785 Mandalenes,
608 709 754 771 continens
783 708 860 788 quud
888 709 975 771 dom.
1007 710 1212 773 Humbernude

136 805 308 882 mansellum
324 806 485 887 capellanus
497 806 572 868 dum¹
588 805 733 869 llumberri
749 804 786 867 de
798 805 908 869 vilariis
925 819 958 869 et
970 807 1213 888 procuratmeiu

136 902 211 979 dem,
226 904 370 966 confessus
383 904 478 966 butue
490 903 620 967 babuisse
643 902 756 965 nombre
778 903 844 967 dicti
861 903 975 967 domini
1002 904 1050 967 sui
1071 904 1110 969 ab
1126 905 1212 969 lndrn
1255 902 1258 931 ²

136 1000 222 1080 suppl
235 1000 344 1062 notario
367 1014 395 1061 et
424 1006 564 1064 Peroneto
578 1000 672 1076 Fabri,
694 1000 871 1063 suluunuium
884 1000 1011 1065 numine
1024 1001 1079 1063 ill·
1092 1000 1144 1065 viri
1153 1000 1211 1063 dn

135 1096 267 1159 lobannis
276 1097 397 1178 dalphini
410 1097 585 1173 Viennensis,
594 1096 761 1178 quantitates
768 1097 905 1178 pennanie
916 1097 1214 1181 infrascriptauprim

137 1211 164 1255 κι
176 1193 260 1256 librau
271 1208 299 1255 et
308 1212 359 1255 unu
369 1194 770 1282 aulidvrdenangrussurum
780 1194 816 1255 de
824 1200 902 1255 καῖ’
914 1194 1026 1257 solidis
1035 1194 1214 1259 Mnemunete

136 1291 250 1366 veteris,
268 1292 333 1352 irem
354 1310 393 1352 vu
412 1292 475 1354 libr.
490 1310 508 1352 v
522 1292 575 1354 sul.
590 1306 651 1355 etr
665 1291 731 1355 den.
746 1310 910 1374 grossorum
917 1298 1086 1371 lunonem.
1102 1294 1213 1375 apum

136 1386 204 1449 alias
219 1388 247 1448 in
262 1387 336 1449 dictu
359 1388 448 1449 instr¹⁰
462 1402 618 1451 contentas.

181 1500 264 1563 ¹¹²9·
284 1491 364 1561 Item,
386 1485 473 1567 quud.
489 1486 526 1548 al.
555 1486 768 1549 instrumentum
782 1486 918 1567 scriptum
945 1506 1040 1551 ununu
1060 1486 1214 1551 Bertbetide

137 1588 263 1665 Gemeys
278 1583 390 1661 notarii,
405 1584 457 1646 sub
471 1603 545 1646 annu
558 1584 612 1645 Diri
625 1590 899 1661 M⁰CCC⁰xxxlx⁰‚
911 1585 1009 1649 indic.
1024 1599 1095 1662 viu,
1109 1586 1153 1647 die
1159 1598 1211 1649 ω’

136 1680 239 1743 mensis
251 1680 329 1759 junii,
352 1681 498 1743 continens
522 1681 599 1761 quud
627 1680 735 1743 Giletus
751 1680 789 1743 de
806 1681 915 1758 aalma,
944 1682 1166 1745 Bartholomenr
1189 1680 1215 1742 de

137 1778 355 1854 Sanctalullita,
371 1778 511 1840 Galteriuu
526 1778 562 1841 de
584 1779 680 1841 Gerbo
701 1792 731 1841 et
754 1778 919 1841 Guillelmus
946 1778 1090 1843 Rubaudi
1115 1776 1215 1843 ounlutu'

136 1873 248 1937 luerunt
262 1894 293 1939 ee
307 1894 369 1937 esse
383 1875 508 1937 homines
523 1875 604 1957 ligius
621 1874 695 1938 dum¹
705 1874 828 1956 delphini
840 1874 1028 1941 Viennensis.

181 1988 265 2050 rr3o.
279 1980 359 2047 item,
370 1972 456 2053 qued.
471 1973 566 2034 lietera
578 1972 669 2053 rigillo
679 1972 754 2034 dum·
760 1972 884 2054 delphini
898 1973 927 2034 in
941 1974 1092 2055 pendenti
1103 1974 1214 2057 sigillati,

136 2069 239 2149 scripta
254 2070 307 2132 sub
323 2087 397 2131 annu
409 2069 463 2131 Diti
478 2075 632 2145 weced,
644 2068 790 2131 continens
804 2068 883 2150 quud
898 2069 983 2133 dum.
1003 2071 1157 2153 dalpbintu
1166 2088 1216 2153 prr·

136 2165 203 2228 dict.
221 2166 405 2229 confitebatur
418 2167 547 2231 habuisse
565 2182 593 2231 et
609 2167 748 2248 recepitne
760 2187 778 2229 a
790 2168 948 2231 lubnnneta
964 2168 1027 2233 filia
1040 2172 1164 2235 cundum
1175 2188 1215 2231 nu

136 2262 199 2325 bilis
210 2264 344 2345 aymonis
356 2265 391 2326 de
406 2265 562 2338 Busuuellu,
579 2265 685 2327 domini
691 2264 814 2328 cundum
828 2264 864 2327 de
881 2264 938 2327 Mol
957 2272 1034 2344 Ber,
1051 2281 1084 2331 et
1097 2267 1214 2349 recogni-

138 2360 246 2424 tionem
258 2361 405 2424 leudurum
417 2382 472 2444 que
486 2362 599 2425 tenebat
617 2362 654 2425 ab
671 2363 781 2439 eudem,
800 2380 852 2443 pru
865 2361 970 2442 quibua
986 2364 1087 2453 ipsum
1098 2364 1215 2429 hurum·

137 2458 185 2522 bar
200 2460 238 2523 de
248 2461 330 2525 dictis
342 2462 443 2524 feudis.

180 2576 267 2637 ¹¹3¹·
288 2566 368 2634 ltem,
384 2558 471 2641 quud.
490 2559 568 2640 publ.
592 2558 803 2621 insomniorum
819 2558 864 2640 (ur
881 2559 988 2641 1119),
1009 2562 1216 2626 nontinmubo·

138 2657 257 2738 mugiunt
269 2657 364 2738 ligium
377 2658 522 2740 prestitum
531 2657 610 2727 durn⁰
623 2656 755 2738 dalpbinu
766 2674 818 2737 per
830 2656 909 2719 dum.
922 2657 1069 2722 'rhomam
1085 2661 1125 2725 de
1137 2660 1216 2723 Glete·

137 2754 184 2815 riis
197 2754 321 2830 militem,
346 2768 374 2816 et
388 2754 464 2835 quod
477 2754 607 2816 dominus
631 2767 728 2816 noster
739 2752 858 2834 predict.
873 2752 927 2816 sibi
937 2753 1021 2819 dedit
1043 2776 1068 2819 ι
1090 2756 1216 2823 bbrasin

137 2850 291 2912 redditibus
311 2865 339 2912 et
356 2852 500 2913 ounlesuua
513 2850 566 2912 luit
583 2849 658 2912 idem
685 2850 716 2912 d.
739 2849 862 2911 Thomas
886 2868 918 2911 se
941 2862 1045 2913 tenere
1072 2874 1094 2915 a
1114 2854 1216 2916 donini

138 2947 264 3029 predicto
277 2968 295 3010 x
312 2948 397 3010 libras
409 2949 445 3011 de
461 2947 616 3011 redditibus
627 2966 697 3028 quas
717 2947 836 3029 percipit
848 2946 876 3009 in
890 2959 987 3009 castro
1001 2947 1038 3011 de
1056 2955 1217 3015 Trunutnst

138 3043 174 3106 de
187 3044 265 3106 Bello
282 3046 441 3126 Regnardu.

180 3159 266 3218 1132.
282 3150 362 3218 item,
371 3143 459 3225 quud,
474 3142 553 3223 publ.
564 3143 776 3204 insumentum
789 3139 923 3221 scriptum
936 3160 1024 3205 maran
1037 3148 1175 3225 nymou
1183 3143 1216 3205 de

138 3250 232 3305 Tumu
257 3242 307 3304 Ful
326 3242 425 3304 notarii
438 3241 515 3323 publ.
533 3241 585 3303 sub
610 3260 684 3303 annu
707 3239 762 3302 nni
779 3242 945 3314 M⁰CCC⁰1⁰,
964 3239 1056 3303 indic.
1075 3239 1216 3319 ninum

137 3340 209 3419 juvis
221 3339 250 3400 in
263 3339 334 3401 festu
348 3339 375 3400 bl
396 3338 582 3400 Bartholumei
596 3337 726 3417 apostoli,
746 3336 893 3399 continens
914 3337 1081 3419 homagium
1094 3354 1127 3403 et
1142 3344 1216 3403 reui-

138 3437 294 3519 gniciunem
307 3436 411 3498 iactum
425 3449 453 3496 et
466 3435 566 3497 factam
580 3435 660 3496 dum⁰
681 3434 838 3497 Humbertu
852 3434 986 3515 dalphinu
1001 3455 1054 3516 pur
1066 3438 1213 3500 luhannuu

137 3534 220 3597 filiam
232 3533 333 3596 nobilis
345 3531 479 3614 lymunis
493 3532 529 3593 de
545 3531 700 3607 Bususellu‚
718 3545 747 3594 et
758 3531 927 3613 recognovit
939 3550 970 3593 ue
986 3545 1093 3596 tenere
1115 3534 1215 3597 adon·

138 3633 269 3715 delphino
279 3645 369 3695 castra
384 3631 419 3691 de
429 3629 605 3704 chrannum,
624 3628 660 3691 de
675 3628 731 3690 Mal
741 3634 809 3704 Ber,
825 3628 861 3691 de
872 3627 913 3691 lea
927 3634 1078 3709 Esparres‚
1096 3630 1213 3703 nolam,

140 3731 243 3793 Montis
257 3728 406 3810 Leopardi.

184 3843 192 3885 r
204 3844 212 3887 r
224 3844 269 3905 33.
290 3834 369 3903 Item,
384 3826 468 3909 qued.
488 3824 582 3888 lietera
594 3823 739 3885 continens
748 3835 831 3904 pacta
839 3836 869 3886 et
881 3824 1097 3889 oonrenoioneu
1106 3826 1178 3891 lacta
1189 3836 1214 3887 rt

138 3925 226 3987 factas
239 3924 310 3987 inter
325 3926 384 3987 illem
397 3925 486 3986 virum
501 3923 578 3985 dom.
603 3921 786 3984 Humbertum
805 3921 966 4003 dalphinum
981 3922 1171 3987 Viennensem
1184 3940 1212 3984 ex

139 4040 194 4085 una
202 4035 281 4102 parte
292 4022 436 4085 etfratrem
451 4028 605 4105 Aymunem
620 4020 750 4083 abbatem
760 4020 855 4083 Sancti
864 4019 1027 4109 Theullredi
1042 4034 1072 4085 et
1085 4022 1148 4101 ejus
1157 4038 1213 4085 cun·

140 4133 253 4185 ventum
268 4139 303 4181 ex
321 4119 418 4182 altera.
