2716 4784
601 346 779 406 ...04-

152 463 297 525 continens
307 461 508 523 confessionem
523 475 552 523 et
564 459 734 522 solucionem
744 457 845 521 factam
855 457 983 539 personia
994 456 1024 518 in
1035 455 1114 518 dicto
1127 455 1222 517 instru-

153 572 246 621 mento
260 557 397 620 contentis
413 577 464 637 pro
478 557 561 619 rebus
574 570 602 618 et
613 555 835 637 possessionibus
850 554 878 616 in
895 553 995 636 quibus
1009 553 1061 615 luit
1075 552 1186 615 fondata
1199 566 1224 614 et

153 655 291 718 edificata
315 654 472 716 villanova
498 653 626 734 Votapii,
651 671 705 734 que
731 651 836 714 solucio
861 650 987 714 ascendit
1010 651 1085 712 xl¹¹
1111 648 1223 711 xlibras

154 752 290 814 viennen.
645 752 651 764 '

199 850 260 929 546.
280 855 358 923 item,
375 847 461 928 quod.
476 847 687 910 instrumentum
704 847 836 928 scriptum
856 864 939 908 manu
957 843 1089 908 Garnerii
1108 844 1143 906 de
1157 847 1221 906 Cor-

155 967 248 1029 reyro‚
265 945 317 1007 sub
331 964 404 1006 anno
420 945 473 1005 Dr'ti
495 953 535 1005 Μο
550 954 673 1026 octuag,
692 945 736 1006 die
752 944 889 1006 dominica
906 955 969 1024 post
982 942 1101 1005 octabas
1118 940 1217 1003 Nativi-

154 1043 218 1107 tatis
234 1042 260 1104 b¹
277 1041 408 1103 lobannis
428 1042 562 1122 baptiste,
583 1042 728 1104 continens
750 1041 907 1121 homagium
926 1039 1074 1120 prestitum
1094 1036 1219 1120 Syboudo

155 1140 190 1201 de
205 1147 379 1202 castronovo
395 1157 444 1218 per
462 1144 574 1201 Petrum
588 1137 702 1200 Grinde.

200 1255 264 1316 547.
283 1242 362 1310 Item,
380 1233 465 1314 quod.
482 1235 558 1315 publ.
581 1236 791 1296 instrumentum
812 1221 855 1313 (iu
873 1230 952 1313 506),
970 1235 1120 1294 continens
1133 1231 1223 1292 boma·

155 1333 229 1414 gium
246 1332 339 1412 ligium
352 1331 495 1411 prestitum
510 1351 560 1412 per
571 1338 684 1394 Petrum
697 1331 732 1393 de
748 1329 840 1393 Salion
855 1342 885 1393 et
897 1328 1085 1391 terminum...

199 1430 263 1509 548.
283 1436 362 1504 Item,
378 1429 464 1509 quod.
484 1429 560 1509 publ.
582 1429 791 1492 instrumentum
804 1427 937 1508 scriptum
953 1446 1037 1488 manu
1057 1425 1134 1488 Petri
1147 1431 1225 1486 Asse-

155 1525 202 1587 lini
221 1525 319 1586 notarii
339 1526 430 1606 publ,
456 1527 508 1588 sub
522 1546 595 1588 anno
614 1527 667 1588 oni
683 1531 930 1602 M⁰CC¹¹²⁰LXXV⁰,
951 1537 1007 1585 ιιιιο
1029 1523 1094 1585 idus
1115 1536 1225 1603 septem·

155 1621 223 1698 bris,
238 1622 382 1685 continens
395 1623 469 1704 quod
481 1624 515 1685 ad
530 1623 741 1705 requisicionem
753 1623 825 1684 dom¹
842 1621 916 1685 Petri
929 1620 1057 1683 Auruscii
1070 1617 1226 1701 recognovit

157 1726 256 1795 Petrus
274 1720 401 1782 Vacherii
419 1740 449 1782 se
469 1734 564 1782 tenere
579 1720 613 1781 de
631 1721 715 1782 feudo
728 1720 792 1782 dicti
810 1719 885 1781 dom.
906 1717 981 1780 Petri
996 1716 1126 1780 Auruscii
1141 1715 1225 1778 omnia

155 1837 209 1899 que
222 1817 334 1879 tenedat
351 1831 379 1879 et
393 1816 514 1879 habebat
528 1818 557 1879 in
578 1817 773 1879 mandamento
793 1817 895 1878 Montis
909 1814 1028 1889 Bonodi,
1043 1814 1169 1896 exceptis
1182 1813 1226 1875 hiis

155 1934 209 1996 que
228 1917 341 1977 tenebat
361 1914 396 1975 ab
419 1914 472 1975 alio
497 1914 619 1990 domino,
638 1927 665 1976 et
686 1914 842 1995 specialiter
855 1932 980 1975 mansum
994 1910 1030 1973 de
1052 1919 1226 1994 Freynetoet

156 2012 299 2074 confessus
313 2011 363 2073 fuit
377 2031 406 2072 se
421 2011 524 2072 debere
537 2012 611 2074 dicto
626 2011 701 2072 dom.
720 2018 804 2073 Petro
818 2031 836 2072 x
850 2010 954 2073 solidos
966 2009 1002 2070 de
1017 2007 1134 2089 placito.

201 2126 265 2188 549.
285 2115 363 2182 ltem,
378 2107 464 2187 quod.
485 2108 562 2187 publ.
578 2109 791 2189 instrumentum
807 2107 939 2188 scriptum
953 2125 1037 2168 manu
1052 2104 1184 2168 Guioneti
1196 2103 1227 2165 de

156 2204 320 2266 Ambariaco
335 2204 433 2266 notarii
452 2205 542 2284 publ,
557 2207 609 2268 sub
624 2226 697 2268 anno
716 2206 769 2267 Dt'ti
786 2207 972 2280 M0110XC010,
993 2203 1038 2275 die
1057 2203 1156 2265 martis
1170 2213 1228 2284 post

40 2360 42 2365 .
154 2304 253 2365 festum
266 2303 293 2363 b¹
307 2303 416 2365 Andree
432 2304 561 2384 apostoli,
582 2304 670 2385 sigillo
696 2303 862 2386 Rod(ulphi)
879 2303 914 2364 de
936 2301 1015 2365 Vado
1038 2301 1185 2383 sigillatum
1201 2312 1228 2361 ut

156 2402 183 2463 in
207 2422 241 2463 eo
263 2402 353 2464 instr¹⁰
372 2402 481 2483 legitur,
503 2403 648 2464 continens
662 2402 735 2483 quod
754 2401 799 2462 illis
819 2402 947 2481 princeps
965 2400 1042 2461 dom.
1063 2398 1226 2461 Humbertus

156 2499 302 2580 dalphinus
316 2499 479 2561 Viennensis
497 2513 524 2561 et
537 2500 614 2561 dom³
625 2507 703 2561 Anna
716 2500 775 2577 ejus
790 2518 907 2561 consors
921 2496 1111 2560 vendiderunt
1128 2493 1227 2557 Radul·

156 2597 211 2677 pho
225 2597 261 2658 de
279 2597 358 2658 Vado
368 2611 488 2658 castrum
503 2596 538 2657 de
552 2596 630 2658 Vado
646 2609 673 2657 et
690 2596 818 2677 quicquid
833 2595 901 2675 juris
915 2594 1078 2657 Guillelmus
1092 2593 1127 2655 de
1139 2600 1227 2654 Monte

156 2693 269 2755 Orserio
284 2693 404 2754 habebat
418 2694 445 2753 in
461 2692 571 2765 eodem,
589 2693 684 2772 precio
702 2696 805 2754 XXIIm
824 2693 975 2755 solidorum
989 2691 1127 2753 Viennen.
1141 2702 1170 2751 et
1181 2687 1226 2750 sub

156 2789 365 2851 condicionibus
379 2789 479 2868 inipso
497 2789 679 2852 instrumento
695 2789 843 2853 contentis.
897 2816 901 2827 ·

199 2906 209 2965 5
217 2902 262 2956 so.
282 2893 359 2959 ltem,
377 2885 460 2965 qued.
478 2885 572 2947 lictera
587 2878 696 2953 duobus
708 2887 802 2968 sigillis
813 2884 974 2966 inpendenti
988 2886 1118 2967 sigillata,
1131 2885 1227 2964 scripta

156 2983 208 3046 sub
222 3000 296 3043 anno
314 2981 367 3042 oni
389 2983 615 3058 M011⁰XXX11d⁰,
639 2986 678 3044 1'111
701 2982 814 3045 kalend.
838 2982 912 3056 maii,
934 2982 1080 3045 continens
1102 2979 1227 3063 recogni-

156 3081 263 3142 cionem
278 3080 378 3142 factam
393 3100 443 3160 per
458 3081 612 3161 Guigonem
630 3081 763 3143 Guiliredi
779 3081 813 3143 de
829 3087 930 3143 Sancto
947 3081 1079 3158 Nazario,
1090 3081 1138 3163 qui
1150 3099 1228 3142 reco-

155 3178 232 3260 govit
248 3197 278 3240 se
293 3190 389 3239 tenere
404 3198 420 3238 a
434 3178 513 3239 dom⁰
528 3178 659 3259 dalphino
669 3177 799 3260 quicquid
812 3178 933 3241 babebat
942 3178 969 3239 in
981 3178 1128 3259 parrochia
1141 3176 1228 3240 Sancti
1244 3173 1249 3188 '

156 3276 266 3338 Nazarii
279 3288 306 3338 et
317 3275 430 3336 domum
444 3295 521 3336 suam
533 3297 615 3356 quam
628 3275 749 3337 habebat
764 3274 878 3337 ibidem.

200 3394 264 3454 551·
288 3382 367 3450 Item,
390 3373 475 3454 quod.
497 3373 578 3453 publ:
592 3373 803 3435 instrumentum
818 3373 860 3454 (ut
878 3371 956 3454 506),
977 3372 1125 3435 continens
1138 3372 1230 3435 homa·

154 3471 228 3550 gium
242 3470 336 3551 ligium
353 3470 496 3551 prestitum
512 3469 590 3530 dom0
604 3469 748 3551 [dalphino
762 3469 825 3552 per]
840 3476 1024 3553 Aymonetum
1043 3470 1195 3552 Salvaygni
1206 3482 1231 3532 et

152 3569 338 3630 terminum...

134 3698 147 3721 .
198 3685 262 3746 552·
280 3674 360 3742 Item,
382 3666 468 3748 quod.
490 3665 567 3745 publ.
586 3666 797 3729 instrumentum
813 3667 944 3748 scriptum
964 3685 1047 3727 manu
1072 3666 1151 3729 Petri
1167 3665 1234 3729 Gal-

153 3763 214 3827 terii
238 3764 348 3838 notarii,
369 3763 421 3825 sub
443 3782 517 3825 anno
544 3763 597 3824 nni
621 3770 835 3838 M⁰CCC⁰XVl⁰,
859 3783 899 3825 1111
918 3762 1031 3825 kalend.
1058 3764 1234 3841 novembris,

70 3942 71 3947 ἵ
154 3862 298 3925 continens
314 3862 507 3925 vendicionem
523 3862 623 3924 factam
642 3863 717 3925 dicto
735 3863 865 3939 notario,¹
878 3862 989 3925 nomine
1007 3861 1083 3936 dorn¹¹
1099 3863 1236 3946 dalphini,

85 3969 89 3978 '
154 3980 204 4043 per
216 3961 369 4022 iohannem
393 3974 421 4022 et
442 3967 555 4022 Petrum
574 3967 661 4023 Poeta
682 3961 793 4037 fratres,
812 3961 847 4023 de
870 3960 989 4041 quadam
1012 3957 1098 4020 domo
1122 3959 1152 4022 in
1174 3960 1240 4023 villa

155 4057 273 4121 Buxerie
286 4057 348 4134 sita,
367 4057 461 4138 precio
475 4077 511 4120 xu
525 4057 619 4121 librar.
