2722 4770
614 425 652 438 ..
676 408 792 470 204..

167 518 337 581 llumbertus
350 517 497 599 delphinus
512 515 688 581 'viennensis
701 517 866 597 recognovit
889 536 920 579 se
939 530 1037 579 tenere
1053 516 1082 577 in
1101 516 1231 579 leuduma

72 673 77 686 ,
164 616 243 678 dom⁰
260 616 406 678 Guillelmo
416 615 625 697 archiepiscopo
644 614 834 696 lugdunensi,
851 613 937 676 videl.
958 626 1081 675 castrum
1097 612 1133 674 de
1150 613 1233 673 Balmr

164 715 191 776 in
206 714 353 775 Viennesio
367 732 454 795 prope
468 714 645 789 Crimiacum,
667 712 801 774 reddibile
825 711 900 773 dicto
916 711 994 772 dom.
1010 710 1231 791 archiepiscopo,

163 811 229 873 item
237 810 350 892 insuper
364 810 528 891 recognovit
536 829 567 872 se
576 824 672 873 tenere
683 808 829 871 inleudum
837 829 853 869 a
861 809 936 870 dicto
947 808 1024 869 dom.
1034 807 1234 889 archiepiscopo

165 907 290 990 quitquid
305 907 426 969 habebat
441 907 569 969 dominus
583 906 618 968 de
632 913 720 968 Turre
734 906 780 968 vel
793 905 863 968 alius
876 905 911 967 ab
926 925 961 967 eo
969 919 1101 986 tempore
1115 905 1234 986 recogni-

164 1003 252 1067 cionis
264 1024 315 1084 per
327 1003 446 1066 eundem
461 1003 604 1066 dominum
619 1016 693 1065 terre
708 1003 804 1065 Turris
831 1001 898 1063 alias
917 1002 990 1063 facte
1003 1001 1073 1063 citra
1087 1003 1188 1063 llumen
1206 1002 1234 1063 de

165 1101 291 1183 Charuys
307 1119 404 1163 versus
421 1099 566 1161 Rodanum
582 1112 609 1160 et
633 1099 810 1179 Lugdunum,
826 1111 943 1178 excepto
961 1098 1089 1180 eoquod
1112 1099 1193 1161 habet
1212 1099 1234 1159 in

164 1211 238 1260 terra
253 1198 379 1271 Duinart‚
395 1197 566 1258 municiones
576 1216 688 1278 quoque
697 1216 767 1278 quas
779 1197 849 1259 infra
862 1197 929 1258 dict.
944 1196 1096 1258 terminum
1112 1195 1236 1258 habelvel

166 1294 280 1356 haberet
291 1294 320 1355 in
332 1294 452 1357 futurum
463 1306 604 1357 teneretur
622 1294 712 1356 eidem
726 1295 803 1355 dom.
819 1293 1030 1374 archiepiscopo
1055 1293 1103 1355 vel
1130 1292 1236 1355 ecclesie

166 1392 298 1470 reddere3
316 1393 393 1467 item,
421 1391 504 1454 etiam
529 1392 705 1474 recognoscit
721 1412 751 1454 se
764 1406 860 1454 tenere
874 1392 903 1453 in
918 1391 1032 1453 feudum
1048 1391 1242 1478 ethomagium

166 1489 259 1570 ligium
273 1489 309 1551 ab
334 1488 544 1570 archiepiscopo
569 1503 597 1551 et
620 1488 737 1552 ecclesia
766 1489 890 1570 predicta
916 1488 1096 1569 Lugdunensi
1127 1502 1236 1551 castrum

169 1587 349 1667 Perogiarum
370 1601 398 1648 et
419 1588 460 1649 eis
482 1587 547 1651 lecit
571 1589 728 1669 homagium
755 1587 822 1648 dict.
841 1586 1053 1667 archiepiscopo
1069 1598 1099 1648 et
1119 1585 1236 1658 ecclesie,

167 1682 232 1746 item
262 1684 437 1747 medietatem
454 1685 518 1746 ville
533 1699 562 1746 et
583 1684 713 1746 territorii
732 1684 768 1745 de
787 1682 920 1756 vallibus,
934 1681 1020 1743 dicte
1049 1681 1190 1763 dyocesis,
1216 1692 1240 1741 et

167 1781 246 1861 plura
260 1782 312 1843 alia
324 1795 407 1862 prout
420 1781 448 1842 in
461 1781 535 1847 dicto
556 1782 738 1845 instrumento
758 1780 865 1862 plenius
878 1769 1056 1841 continetur*

212 1899 220 1941 1
232 1899 297 1956 14ο.
315 1887 394 1955 ltcm,
403 1879 489 1960 qued.
500 1879 595 1941 lietera
609 1879 718 1941 duobus
726 1878 820 1960 sigillis
826 1877 854 1938 in
863 1877 997 1959 pendenti
1005 1877 1135 1959 sigillata,
1148 1877 1241 1958 scripta

168 1977 220 2040 sub
234 1996 307 2039 anno
325 1976 379 2037 Diri
395 1983 644 2052 Moccoxxvltu,
660 1995 755 2037 mense
769 1974 847 2053 junii,
864 1972 1010 2036 continens
1023 1974 1242 2055 recognicionem

168 2088 196 2135 et
206 2072 427 2134 inleudacionem
436 2072 538 2134 factam
552 2092 602 2153 per
612 2071 688 2134 dom.
702 2071 855 2133 Robertum
870 2071 1088 2151 Lugdunensem
1095 2071 1244 2153 archiepis·

86 2245 88 2250 λ
168 2187 269 2250 copum
283 2183 311 2230 et
325 2168 474 2249 capitulum
487 2169 611 2248 ejusdem
626 2169 705 2230 donr⁰
725 2169 839 2232 Alberto
851 2168 964 2230 domino
993 2180 1069 2229 terre
1095 2168 1193 2231 Turris
1213 2167 1244 2229 de

169 2265 335 2346 quibusdam
351 2266 450 2328 castris
464 2279 493 2328 et
507 2266 590 2328 rebus
608 2265 667 2327 sitis
683 2264 711 2326 111
727 2278 801 2329 terra
823 2265 929 2328 Turris.

195 2395 198 2399 ²
214 2381 297 2443 ¹¹41·
316 2370 395 2442 ltem,
410 2363 497 2445 quod.
512 2363 590 2445 publ.
607 2350 819 2427 instrumentum
826 2364 960 2446 scriptum
974 2365 1003 2425 in
1018 2385 1035 2425 x
1050 2364 1170 2446 pellibus
1184 2384 1246 2447 per·

169 2462 310 2545 gameneis
326 2461 405 2524 simul
421 2461 521 2541 junctis
532 2480 614 2523 manu
627 2462 710 2523 hnth.
730 2461 867 2524 Mellureti
883 2461 919 2524 de
930 2468 1020 2537 Ponte
1034 2462 1063 2524 in
1076 2463 1181 2526 Roanis
1195 2482 1248 2544 pu·

148 2560 355 2641 ¹blicatumque
383 2579 478 2622 corant
499 2559 579 2621 dom⁰
602 2565 764 2621 Gerentono
793 2559 894 2637 Bajuli,
915 2558 1024 2621 officiali
1045 2559 1154 2622 vienne
1178 2559 1247 2641 apud

171 2664 301 2719 Sanctum
328 2665 477 2732 Donatum,
506 2653 571 2735 'ejus
596 2656 685 2737 sigillo
709 2654 856 2742 sigillatum
874 2655 926 2718 sub
951 2674 1025 2716 anno
1045 2655 1100 2717 Diri
1125 2663 1248 2719 M⁰CCC⁰

170 2761 311 2830 XXX1X0,
326 2754 371 2815 die
388 2767 431 2814 111³
440 2754 544 2816 mensis
557 2754 679 2834 augusti,
693 2753 790 2815 indict.
807 2753 1248 2834 vu2,continenspublicacionem

170 2862 363 2931 computorum
380 2863 408 2911 et
421 2850 564 2912 racionum
580 2851 737 2934 reddituum
752 2864 781 2913 et
807 2850 1011 2912 obvencionum
1036 2850 1154 2913 baronie
1174 2865 1248 2917 ¹terre

170 2946 278 3021 Turris,
302 2945 340 3007 ad
367 2959 491 3007 eternam
514 2946 553 3008 rei
570 2948 738 3009 memoriam·
758 2966 794 3009 ne
818 2947 945 3028 deperire
970 2945 1087 3028 possint,
1117 2962 1202 3028 prout
1223 2948 1249 3008 in

170 3047 231 3128 ipso
248 3046 338 3108 instrl⁰
354 3047 523 3110 continetur.

216 3162 300 3223 1142.
316 3150 395 3219 ltem,
411 3144 498 3226 qued.
513 3145 604 3208 littera
618 3146 654 3208 ab
674 3145 784 3209 olhciali
799 3147 905 3208 vienne
919 3160 1047 3208 emanata
1071 3145 1188 3228 ejusque
1212 3147 1250 3208 si·

170 3242 277 3324 gilloin
288 3242 420 3323 pendenti
436 3243 554 3324 sigillata
570 3262 624 3304 una
639 3262 703 3305 cum
713 3244 802 3323 sigillo
822 3243 976 3306 Drodoneti
987 3243 1092 3305 domini
1107 3244 1250 3306 Bellivisus

133 3374 146 3414 1
171 3340 207 3401 de
225 3346 313 3416 Marc,
327 3339 431 3420 scripta
456 3341 509 3420 sub
533 3359 610 3403 anno.
636 3341 689 3402 oni
717 3347 995 3417 M⁰CC⁰LXX⁰Vlll⁰,
1017 3339 1120 3401 kalend
1146 3340 1247 3422 aprilis,

170 3436 315 3500 continens
331 3437 514 3500 donacionem
531 3438 631 3500 iactam
646 3457 697 3519 per
711 3437 778 3500 dict.
797 3437 988 3499 Drodonetum
1003 3437 1147 3499 dominum
1169 3436 1251 3499 Belli·

170 3534 247 3598 m'sus
274 3534 320 3597 del
347 3542 425 3598 Marc
441 3535 520 3598 dom⁰
545 3535 657 3615 Hugoni
682 3535 795 3597 domino
807 3549 881 3597 terre
906 3535 1014 3611 Turris,
1043 3534 1079 3596 de
1106 3548 1199 3596 castro
1222 3542 1248 3595 et

172 3634 367 3696 mandamento
387 3635 480 3696 Sancti
503 3633 635 3697 iohannis
647 3633 683 3696 de
698 3639 821 3715 Bomay,
837 3633 1000 3696 Viennensis
1018 3632 1160 3714 dyocesis,
1190 3649 1248 3694 cum

171 3731 299 3794 omnibus
313 3743 342 3793 et
352 3731 467 3813 singulis
476 3732 650 3813 pertinentiis
660 3731 784 3812 ejusdem
800 3744 828 3794 et
840 3731 976 3811 homagiis
984 3730 1117 3792 nobilium
1130 3741 1160 3792 et
1175 3731 1249 3791 inno·

172 3825 266 3889 billum
281 3842 309 3891 et
320 3828 479 3892 omnimoda
492 3829 679 3910 juridictione.

215 3940 300 4001 1¹43·
318 3916 396 4001 Item,
412 3927 498 4007 quod.
518 3926 594 4007 publ.
610 3928 822 4000 instrumentum
835 3926 968 4007 scriptum
980 3944 1064 3987 manu
1078 3925 1163 4006 Guig.
1185 3931 1248 3984 Fru-

172 4019 257 4081 menti
270 4034 330 4084 not.
347 4023 415 4103 pub.
429 4024 482 4086 sub
496 4043 569 4086 anno
588 4025 642 4086 Diri
665 4030 949 4100 succutiuntur,
968 4023 1066 4105 indict.
1084 4037 1127 4099 11³,
1153 4022 1247 4084 1111111ί

173 4116 276 4184 mensis
295 4117 436 4218 febroarii,
458 4118 604 4184 continens
625 4123 782 4202 homagium
805 4121 899 4203 ligium
921 4121 957 4183 de
976 4120 1095 4201 persona
1109 4119 1247 4200 prestitum
