2716 4784
505 385 683 449 ..,,,9..

99 513 185 576 1232.
202 504 282 573 item,
307 498 344 560 al.
372 497 582 560 instrumentum
603 496 749 560 continens
770 497 994 580 recognitionem
1008 497 1130 580 homagii

55 593 169 656 oliverii
184 593 325 671 Lauderii,
345 594 476 675 scriptum
494 613 578 657 manu
598 595 681 676 Guig.
698 596 839 658 Frumenti
854 608 914 659 not.
925 595 978 658 sub
990 613 1064 658 anno
1079 595 1133 658 nni

57 691 636 772 u⁰111⁶xxxntt⁰‚diexxvmenstsjutn.
806 685 809 689 ’

100 807 186 868 1233.
204 797 284 864 Item,
299 789 510 853 instrumentum
528 788 673 852 continens
690 788 775 870 quad.
802 789 1019 854 transactionem
1034 789 1134 851 iactam
1159 843 1161 847 .

54 885 127 948 inter
136 884 313 966 magnificum
329 886 418 948 uirum
430 887 507 950 dom.
528 885 678 949 Henricum
694 883 822 966 Dalpbini
835 885 908 948 bone
923 885 1068 961 memorie,
1084 884 1135 947 do-

56 982 160 1044 minum
176 982 279 1045 Montis
292 983 401 1059 albani,
411 983 447 1045 ab
457 1002 512 1046 una
524 995 636 1065 parteet
643 982 757 1045 fratrem
768 982 911 1045 ailbertum
922 982 958 1044 de
971 983 1059 1063 Nigro
1070 987 1137 1044 Cas·
1152 972 1156 979 ⁷

55 1093 111 1156 tro,
122 1079 272 1161 Hospitalis
280 1081 373 1144 Sancti
387 1080 519 1142 iohannis
528 1087 540 1140 J
543 1078 698 1142 herusalem
705 1092 899 1160 preceptorem
908 1078 1134 1155 transmarinum,

55 1177 190 1258 scriptum
211 1176 263 1238 sub
291 1196 364 1238 anno
384 1184 492 1239 incarn.
511 1176 904 1252 bnin⁰1110xt110,dienm
933 1176 1035 1239 mensis
1056 1173 1136 1256 junii,

56 1295 141 1338 manu
167 1274 312 1338 Belmondi
337 1275 426 1338 Ratini
454 1276 490 1337 de
508 1273 635 1357 Nyoniis‚
660 1273 770 1355 inquo
796 1276 923 1338 instrum.
946 1275 1020 1337 inter
1044 1287 1136 1338 cetera

56 1374 215 1436 continetur
226 1372 300 1454 quod
317 1392 413 1435 omnes
430 1372 556 1437 homines
579 1385 609 1434 et
629 1370 730 1452 singuli
747 1374 830 1436 castri
844 1371 1015 1456 Venteyrolii
1030 1371 1137 1435 suntin

57 1469 189 1550 guidagio
203 1468 307 1531 domini
321 1482 349 1532 et
364 1468 439 1551 quod
454 1469 569 1550 quilibet
582 1468 629 1550 qui
653 1489 716 1532 cum
732 1484 809 1532 aratu
824 1469 961 1532 laborabit
974 1468 1058 1530 debet
1071 1467 1138 1529 dare

59 1584 67 1627 1
83 1565 229 1627 sestarium
244 1585 333 1629 avene
348 1566 461 1628 domino
478 1579 507 1629 et
518 1566 563 1628 alii
588 1568 725 1631 innobiles
746 1586 810 1629 cum
831 1567 957 1647 personis
988 1564 1138 1629 laboraturi

57 1675 173 1724 tament
197 1661 357 1743 eyminam;
377 1663 443 1725 item
459 1663 616 1727 continetur
635 1666 665 1727 in
683 1663 759 1726 dicto
773 1664 863 1725 instr¹⁰
882 1662 1040 1744 recognitio
1067 1662 1139 1724 lacta

57 1775 109 1837 per
121 1757 225 1819 dictum
239 1758 382 1839 Hospitale
392 1759 466 1822 dicto
479 1760 591 1822 dominu
606 1760 641 1823 de
653 1774 746 1823 castro
763 1759 799 1822 de
813 1759 926 1822 Grilone
947 1772 976 1822 et
1000 1759 1036 1820 de
1054 1758 1139 1821 leudo

57 1854 144 1934 ipsius
154 1853 258 1915 domini
270 1853 298 1915 in
313 1855 378 1918 villa
400 1856 509 1935 jacente
519 1869 548 1918 et
561 1876 612 1919 suo
629 1855 769 1918 territorio
783 1855 898 1937 ejusque
911 1855 1017 1936 juribus
1030 1868 1059 1917 et
1072 1872 1140 1936 per-

58 1951 182 2014 tinentiis
204 1951 352 2028 universis,
377 1970 429 2015 nec
453 1973 509 2019 non
527 1955 733 2036 recognitiones
752 1952 884 2017 territorii
898 1967 927 2017 et
952 1949 1138 2026 mandamenti

60 2048 154 2111 Sancti
179 2048 304 2111 Mauricii
324 2049 353 2111 in
380 2049 492 2112 feudum
515 2073 531 2113 a
560 2052 636 2115 dicto
652 2051 765 2114 domino
791 2064 820 2114 et
833 2049 926 2113 omnia
939 2069 993 2132 que
1007 2047 1140 2113 tenentin

64 2146 146 2208 dictis
169 2147 309 2209 territorio
321 2160 350 2209 et
363 2142 564 2212 mandamento
583 2151 612 2213 in
629 2150 753 2225 feudum,
776 2149 909 2212 eteniam
930 2141 1141 2229 recogniciones

58 2238 191 2304 territorii
205 2255 233 2304 et
244 2241 431 2306 mandamenti
448 2245 484 2306 de
504 2245 640 2324 Bocheto,
657 2259 685 2309 et
697 2244 857 2326 recognicio
871 2244 1003 2307 territorii
1019 2257 1048 2306 et
1064 2262 1141 2306 man-

59 2336 182 2400 damenti
197 2338 233 2399 de
247 2339 366 2425 Fraxino
385 2354 414 2404 et
434 2341 568 2422 quidquid
587 2343 616 2404 in
631 2362 671 2405 ‘eo
692 2342 797 2405 dictum
818 2340 961 2421 Hospitale
977 2353 1070 2403 tenet:
1086 2341 1141 2404 boc

58 2446 124 2495 acto
146 2433 220 2514 quod
234 2448 286 2514 pro
302 2434 435 2515 predictis
448 2436 541 2500 feudis¹
553 2450 732 2518 preceptores
745 2457 794 2500 seu
808 2437 932 2521 bayllivi,
948 2436 994 2517 qui
1006 2456 1057 2517 pro
1066 2449 1142 2499 tem-

58 2549 129 2612 pore
139 2530 240 2605 fuerint
249 2531 316 2593 dicti
328 2533 478 2613 Hospitalis
491 2547 520 2597 et
533 2534 585 2597 sub
598 2554 717 2616 quorum
731 2533 907 2616 preceptoria
920 2545 1013 2607 erunt,
1026 2545 1142 2594 tenean-

58 2625 146 2688 turin
159 2626 316 2688 mutacione
330 2627 435 2690 domini
450 2642 478 2691 et
486 2629 515 2691 in
528 2629 684 2693 mutacione
693 2629 793 2711 prioris
802 2628 895 2692 Sancti
906 2627 999 2709 Egidii
1014 2627 1142 2709 recogni-

57 2724 170 2786 cionem
183 2723 287 2800 lacere,
302 2737 331 2788 et
344 2725 552 2808 eciam'semper
565 2746 628 2791 cum
637 2727 715 2790 locus
723 2727 822 2790 aluerit
834 2739 862 2789 et
875 2726 997 2804 servire3
1012 2739 1040 2790 et
1054 2725 1141 2788 eciam

57 2820 218 2884 continetur
231 2820 261 2882 in
274 2820 336 2902 ipso
350 2821 430 2885 instr.
445 2823 520 2903 quod
535 2823 662 2900 dominus
679 2823 764 2888 habet
776 2823 953 2886 medietatem
962 2842 1014 2905 pro
1021 2821 1141 2886 indiviso

55 2918 219 2981 omnimode
239 2919 420 2997 juridicionis,
441 2922 509 2985 meri
530 2933 559 2985 et
579 2921 659 2985 mixti
680 2921 787 3002 imperii
804 2921 834 2984 in
855 2920 939 2983 dictis
952 2918 1100 2983 territoriis
1113 2933 1143 2984 et

55 3015 261 3078 mandamentis
274 3015 310 3078 de
323 3020 425 3080 Sancto
440 3017 583 3096 Haurisio,
613 3018 648 3082 de
664 3018 789 3082 Bocheto
803 3017 879 3081 etde
894 3016 1028 3093 Franino,
1045 3029 1141 3080 cetera

58 3127 126 3177 sunt
152 3113 217 3175 dicti
232 3113 393 3195 Hospitalis,
412 3128 440 3178 et
460 3117 536 3199 quod
558 3118 713 3182 comuniter
731 3117 836 3182 debent
857 3136 919 3180 esse
937 3115 1070 3180 officiales
1094 3115 1141 3197 qui

61 3224 163 3291 regant
171 3210 272 3273 dictam
286 3211 489 3291 juridicionem
500 3228 529 3278 et
540 3215 563 3278 si
585 3215 614 3279 in
628 3216 709 3279 dictis
721 3214 866 3278 territoriis
875 3214 1018 3276 vintenum
1030 3213 1142 3274 levare-

60 3322 133 3370 tura
144 3306 434 3372 cultoribusterritorii
450 3310 524 3391 quod
542 3311 577 3374 sit
586 3330 704 3375 comune
714 3312 787 3374 inter
800 3311 868 3374 dict.
884 3310 1025 3372 dominum
1033 3313 1142 3371 etHos-

61 3402 164 3484 pitale;
182 3415 210 3465 et
222 3403 309 3465 eciam
328 3405 485 3469 continetur
499 3406 574 3488 quod
589 3407 688 3469 domus
703 3407 796 3470 Sancti
808 3405 941 3468 lobannis
955 3405 991 3467 de
1008 3403 1100 3466 Trivis
1110 3417 1142 3468 et

62 3502 165 3562 domus
180 3501 273 3563 Sancti
288 3503 428 3564 Laurentii
444 3503 473 3565 in
488 3503 610 3587 Royanis
624 3517 688 3566 sunt
702 3503 770 3565 dicti
785 3502 900 3581 domini,
917 3502 978 3583 ipse
988 3514 1082 3563 tamen
1091 3500 1142 3563 do·

62 3596 155 3658 minus
174 3609 284 3659 tenetur
295 3611 462 3678 'supportare
475 3617 561 3661 onera
582 3597 650 3661 dict.
665 3598 822 3661 domorum.

109 3710 195 3772 ¹234·
227 3701 295 3756 ltern
312 3707 355 3758 est
374 3695 463 3776 quod.
477 3694 597 3758 uidimus
612 3695 757 3759 continens
775 3693 918 3777 pactiones
933 3705 962 3756 et
974 3693 1142 3757 manumo-
1193 3762 1195 3771 ,

63 3811 129 3854 nem
146 3791 211 3853 olim
224 3791 325 3854 iactam
337 3791 410 3856 inter
421 3791 498 3855 dom.
510 3791 693 3856 Humbertum
700 3784 859 3873 dalphinum
871 3791 945 3854 bone
960 3789 1094 3854 memorie
1105 3787 1154 3854 en‘

63 3908 120 3952 una
131 3902 211 3971 parte
226 3901 256 3952 et
275 3888 351 3952 dom.
376 3891 528 3954 iohannem
549 3891 709 3973 episcopum
725 3888 843 3954 condam
868 3887 1041 3952 valentinen.
1058 3907 1143 3970 super

62 3986 140 4049 lacto
163 3984 340 4063 Medulionis‚
360 4005 444 4067 super
462 3987 562 4050 castrm
589 3986 759 4067 Deiajutorii,
786 3987 875 4052 criste
889 4001 917 4050 et
933 3986 1056 4055 continet
1068 4005 1142 4069 quo-

63 4081 150 4144 modo
165 4101 236 4146 unus
247 4081 330 4145 debet
339 4083 421 4145 alium
437 4083 533 4162 juvare
547 4082 582 4147 de
595 4102 694 4165 guerra
708 4097 737 4146 et
750 4084 890 4167 quomodo
913 4084 1060 4166 episcopus
1074 4101 1141 4146 cre·
