2722 4770
666 377 824 456 -84..

213 511 339 574 homines
355 509 420 572 dicti
440 509 598 572 monasterii
608 523 637 572 et
647 509 722 591 quod
736 509 875 573 faciebant
890 509 1048 592 homagium
1060 512 1112 591 ipsi
1124 512 1231 589 abbati,
1258 528 1287 576 et

211 608 264 690 ipsi
281 609 366 672 nobili
377 608 516 671 faciebant
531 608 633 670 tributa
647 608 820 689 infrascripta
835 609 946 671 nomine
958 610 1075 690 guarde,
1092 611 1150 672 vid.
1165 612 1288 692 quisine

211 705 302 767 bobus
326 705 431 768 coleret
452 719 541 767 terras
560 705 681 768 solveret
709 724 793 767 unum
821 705 984 788 meyterium
1003 726 1092 769 avene
1115 721 1143 769 et
1170 709 1287 789 quilibet

211 820 274 864 cum
285 802 376 864 bobus
386 802 442 863 duo
457 802 589 883 meyteria
603 816 631 863 et
645 802 759 882 quilibet
771 802 818 883 qui
832 802 944 864 habebit
959 803 1112 883 hospicium
1123 823 1207 866 unam
1222 809 1287 888 gal-

210 899 293 960 linam
310 898 462 974 annuatim,
478 911 506 960 et
520 898 566 978 qui
579 898 681 960 facient
699 898 856 978 homagium
871 899 945 961 dicto
962 899 1055 962 abbati
1070 917 1222 982 sequentur
1236 923 1287 965 ca-

210 997 335 1079 valgatas
351 996 416 1058 dicti
430 996 530 1058 nobilis
551 996 628 1057 sicud
649 996 693 1057 alii
708 996 816 1058 nobiles
836 1010 911 1059 terre
933 1016 994 1073 sue,
1012 1012 1041 1060 et
1054 999 1129 1079 quod
1149 1000 1285 1064 solvendo

210 1093 278 1156 dict.
292 1113 408 1154 avenam
426 1107 453 1155 et
470 1092 599 1172 gallinam
613 1105 641 1154 et
658 1093 801 1173 sequendo
821 1093 979 1174 cavalgatas
1006 1093 1072 1156 dicti
1096 1096 1198 1159 nobilis
1221 1099 1286 1162 dicti

210 1193 336 1255 homines
349 1192 405 1254 sint
416 1191 494 1254 liberi
511 1190 546 1252 ab
561 1190 621 1251 aliis
631 1190 771 1266 omnibus,
787 1204 814 1253 et
829 1191 905 1271 quod
912 1190 1039 1252 animalia
1054 1210 1150 1254 eorum
1164 1194 1286 1258 habeant

208 1308 370 1370 percursum
383 1307 433 1369 per
448 1300 535 1349 totam
550 1301 653 1348 terram
680 1287 746 1348 dicti
772 1287 883 1363 nobilis,
908 1302 936 1350 et
951 1287 1025 1369 quod
1040 1289 1128 1351 abbas
1144 1292 1285 1370 predictus

209 1385 310 1448 habeat
324 1385 352 1445 in
367 1383 448 1446 dictis
476 1383 632 1446 hominibus
645 1383 737 1445 banna
761 1405 779 1445 x
792 1383 907 1447 solidor.
925 1399 953 1447 et
966 1405 983 1446 a
996 1405 1014 1446 x
1027 1385 1109 1448 solid.
1132 1387 1215 1464 inira,
1231 1410 1285 1471 que

209 1483 297 1564 possit
306 1502 356 1564 per
369 1503 400 1545 se
411 1483 456 1543 vel
471 1501 521 1562 per
537 1481 619 1542 alium
636 1481 791 1562 percipere,
816 1496 844 1544 et
855 1482 930 1563 quod
944 1482 1035 1544 dictus
1061 1484 1161 1547 nobilis
1185 1487 1287 1550 habeat

208 1580 301 1642 banna
314 1594 342 1642 et
367 1580 489 1658 justicias
514 1597 626 1660 grossas
648 1578 771 1640 indictis
786 1579 943 1640 hominibus
965 1593 993 1641 et
1012 1579 1148 1662 locisque
1176 1584 1285 1646 ratione

207 1678 276 1740 meri
289 1677 396 1759 imperii
419 1690 578 1757 competere
600 1688 715 1756 possent
732 1675 760 1736 in
780 1675 936 1737 hominibus
964 1677 1141 1756 supradictis,
1167 1692 1196 1740 et
1225 1681 1285 1760 ipse

207 1775 337 1838 dominus
345 1788 455 1838 tenetur
469 1774 544 1855 ipsos
553 1772 679 1834 homines
687 1772 842 1846 deliensare
853 1787 937 1854 prout
950 1773 977 1834 in
992 1773 1117 1853 predicta
1125 1775 1205 1837 litera
1218 1796 1286 1838 con-

206 1872 320 1949 tinetur,
336 1886 489 1954 protestato
499 1890 549 1952 per
562 1870 692 1932 abbatem
708 1870 784 1951 quod
799 1889 856 1932 non
871 1869 1034 1933 intendebat
1045 1872 1210 1934 renunciare
1224 1874 1285 1936 aliis

207 1970 293 2034 literis
307 1985 335 2034 et
351 1971 450 2052 pactis.

245 2086 316 2146 423.
336 2075 415 2143 ltem,
429 2068 514 2149 qued.
529 2068 566 2129 al.
582 2068 660 2130 litera
675 2066 750 2129 dom¹
761 2065 899 2128 Guillelmi
921 2066 1025 2129 domini
1041 2065 1076 2128 de
1094 2065 1282 2143 Bellovidere,

207 2165 309 2246 scripta
336 2184 417 2245 anno,
429 2166 538 2227 Domini
550 2171 737 2239 M⁰CC⁰LVl⁰,
747 2164 864 2245 sigillata
881 2165 1004 2245 quinque
1020 2163 1115 2244 sigillis
1131 2166 1239 2246 magnis
1256 2167 1284 2226 in

206 2259 348 2341 pendenti,
365 2261 511 2323 continens
530 2261 701 2324 franchesias
718 2275 747 2323 et
761 2261 902 2324 libertates
926 2261 1005 2323 datas
1024 2280 1075 2341 per
1088 2260 1193 2322 dictum
1212 2261 1286 2323 Guil-

206 2357 317 2420 lelmum
333 2358 521 2421 habitantibus
535 2373 563 2421 et
575 2359 737 2421 habitaturis
747 2358 775 2420 iri
791 2372 883 2420 castro
897 2358 942 2420 vel
956 2358 1047 2439 burgo
1060 2356 1096 2419 de
1107 2357 1284 2421 Bellovidere

206 2470 235 2519 et
248 2456 319 2519 infra
336 2472 426 2519 metas
440 2457 538 2538 ipsius,
564 2457 593 2518 in
618 2455 718 2537 quibus
733 2455 807 2517 idem
824 2455 954 2518 dominus
967 2456 1080 2518 retinuit
1091 2456 1188 2536 usagia
1202 2456 1286 2518 infra·

206 2554 323 2636 scripta:
336 2555 520 2636 primo,quod
526 2569 652 2635 tempore
661 2553 791 2635 g(uerre)
801 2552 824 2614 si
832 2553 874 2636 (l)
883 2553 1013 2633 expensis
1022 2553 1145 2634 ipsorum
1154 2567 1286 2617 tenentur

205 2651 296 2733 ipsum
307 2653 395 2734 sequi,
410 2653 477 2714 item
487 2651 598 2714 retinuit
610 2651 713 2726 banna,
730 2650 863 2728 justicias,
880 2669 1035 2729 mensuras,
1053 2651 1162 2733 leydas,
1177 2652 1286 2714 clamo-

206 2768 262 2823 res,
284 2749 391 2830 linguas
416 2765 444 2810 et
469 2748 579 2811 lumbos
601 2749 704 2810 bouum
741 2767 797 2828 que
819 2748 1007 2810 venderentur
1028 2748 1063 2811 ad
1086 2749 1234 2812 macellum
1258 2765 1286 2813 et

205 2844 316 2926 leydam
336 2845 459 2906 omnium
479 2845 707 2934 aliarumrerum
733 2843 876 2916 vinalium,
898 2844 964 2906 item
985 2844 1120 2908 adulteria
1141 2860 1170 2909 et
1193 2848 1286 2910 homi-

205 2939 269 3002 cide
288 2954 353 3002 sunt
370 2940 398 3001 in
418 2940 605 3022 disposicione
620 2941 706 3022 ipsius
720 2955 748 3004 et
762 2941 842 3021 plura
851 2940 905 3003 alia
917 2955 947 3003 ut
964 2942 992 3004 in
1007 2942 1089 3006 dictis
1112 2944 1200 3007 literis
1214 2965 1286 3009 con-

204 3051 318 3101 sinetur.
1043 3099 1047 3104 .

244 3153 314 3215 4²4·
333 3141 412 3211 ltem,
432 3135 516 3217 qued.
537 3135 615 3198 litera
629 3135 741 3216 hymari
755 3133 860 3198 domini
874 3137 910 3198 de
922 3135 1101 3199 Cassenatico
1118 3149 1147 3198 et
1160 3135 1197 3198 de
1211 3143 1285 3200 Yse-

205 3232 401 3313 ronequodam
417 3250 519 3313 magno
533 3230 623 3312 sigillo
634 3249 718 3292 cereo
726 3231 755 3292 in
764 3220 896 3312 pendenti
911 3232 1039 3314 sigillata,
1051 3233 1199 3296 continens
1208 3235 1284 3316 quod

205 3328 296 3391 dctus
307 3337 446 3412 hymarus
457 3328 582 3390 vendidit
596 3328 674 3389 dom⁹
688 3328 807 3409 Guigoni
819 3329 962 3410 dalphino,
980 3328 1076 3410 precio
1090 3347 1108 3390 c
1122 3350 1179 3391 xxx
1197 3330 1286 3406 libra-

205 3446 265 3489 rum
276 3429 426 3503 viennen,
446 3427 575 3490 universa
584 3440 613 3490 et
626 3427 733 3508 singula
745 3447 800 3510 que
815 3428 936 3491 habebat
950 3429 978 3490 in
992 3440 1085 3490 castro
1112 3442 1142 3490 et
1163 3429 1285 3491 manda-

178 3572 181 3577 .
204 3539 299 3586 merito
322 3525 358 3588 de
373 3525 558 3600 bellovidere,
574 3525 635 3586 scil.
653 3524 848 3586 condaminam
871 3523 1050 3588 Belliseillerii
1063 3538 1092 3586 et
1104 3544 1154 3585 xxa
1167 3528 1284 3589 sestaria

203 3619 332 3684 humenti
341 3640 443 3685 census
458 3621 636 3703 percipienda
649 3620 678 3682 in
687 3620 846 3682 molendino
862 3621 937 3683 Petri
955 3619 1130 3702 alumpnum
1150 3634 1180 3683 et
1192 3621 1283 3702 ipsum

205 3721 319 3778 Petrum
332 3733 362 3781 et
370 3719 505 3782 iacobum
515 3716 659 3780 hlam'andi
677 3730 705 3778 et
716 3716 836 3797 quedam
850 3717 902 3778 alia
914 3718 943 3779 in
957 3717 1031 3779 dicta
1046 3716 1126 3778 litem
1136 3731 1282 3794 contenta,

202 3814 373 3895 suriptasub
395 3836 470 3878 anno
491 3816 734 3885 Diliht⁸C00Lll⁰,
749 3831 808 3875 nno
826 3813 939 3877 kalend.
961 3814 1039 3892 junii.
1240 3874 1243 3879 .

242 3930 312 3990 425.
336 3920 415 3986 ltem,
433 3914 518 3995 quod.
539 3913 751 3974 instrumentum
780 3929 830 3972 seu
843 3910 963 3973 vidimus
978 3911 1081 3973 iactum
1095 3925 1124 3974 et
1137 3912 1281 3994 signatum

202 4009 331 4073 omibus
344 4009 464 4091 Philippi
478 4010 589 4072 Andree
610 4005 744 4070 Galteroti
757 4006 858 4069 notarii
871 4007 963 4088 publ,
979 4007 1084 4069 Alberti
1100 4008 1137 4071 de
1152 4010 1282 4092 Braydas

201 4119 263 4169 not.
269 4106 357 4188 .pnb.,
368 4106 511 4167 Guillelmi
519 4105 558 4166 de
570 4102 742 4182 signiensi.
754 4102 822 4180 pub.
833 4103 887 4164 sub
897 4123 972 4165 mnu
982 4103 1037 4165 uni
1048 4110 1281 4183 M‘CCC0XVH0,
