2716 4784
592 421 770 465 -120-

144 537 219 616 ipsos
233 534 372 615 pertinere
384 534 498 608 debent,
515 546 543 595 et
553 533 605 595 sub
617 532 707 594 modis
717 546 746 596 et
761 531 972 596 condicionibus
994 532 1024 594 in
1041 531 1119 595 dicto
1135 532 1211 594 irum

144 632 291 707 contentis,
308 644 336 693 et
349 630 576 693 terminum..sibi
589 629 760 710 prefixum...

183 728 252 806 664.
281 735 359 803 ltem,
376 728 461 808 quod.
481 726 558 807 pubi.
574 727 784 788 instrumentum
797 724 840 807 (ut
854 726 939 808 627),
964 726 1115 789 continens
1127 727 1209 788 homa·

141 825 217 907 gium
232 824 326 905 ligium
340 824 486 904 prestitum
498 841 548 904 per
562 823 714 883 iohannem
732 823 767 884 de
782 822 864 884 Geria
876 822 954 883 dom⁰
967 836 1069 885 nostro
1095 822 1208 902 dalphinn

143 936 171 984 et
181 921 402 1001 recognicionem
419 921 506 981 eciam
529 938 580 999 per
589 939 651 979 eum
666 920 804 980 factam...
819 918 854 979 de
865 919 949 981 feudo
965 919 1087 983 francho
1104 922 1207 982 omniun

143 1038 197 1101 que
210 1032 287 1080 tenet
306 1017 341 1078 ab
365 1038 399 1079 eo
417 1017 445 1078 in
468 1016 663 1077 mandamento
678 1015 781 1091 Visiiie,
798 1016 881 1077 salvis
896 1015 1020 1098 hiisque
1036 1031 1116 1079 tenet
1136 1018 1208 1080 abeo
1246 1078 1249 1087 ,

142 1117 177 1178 ad
193 1115 338 1178 servicium
351 1133 405 1194 que
416 1113 534 1175 condam
547 1113 658 1173 fuerunt
670 1111 796 1192 Hugonis
806 1112 841 1171 de
852 1111 969 1186 Molino,
982 1126 1013 1174 et
1022 1112 1205 1174 terminum...¹

182 1211 251 1291 665.
270 1219 348 1285 Item,
366 1210 451 1289 quod.
473 1210 684 1270 instrumentum
699 1208 735 1268 al.
755 1207 888 1288 (ut629),
904 1208 1052 1271 continens
1067 1210 1208 1290 homagium

143 1309 236 1389 ligium
248 1308 282 1369 de
298 1326 416 1387 persona
434 1305 576 1386 prestitum
591 1305 669 1366 dom⁰
690 1318 786 1366 nostro
801 1303 932 1384 dalphino
942 1324 992 1385 per
1010 1306 1207 1390 Raymbaudum

144 1405 248 1487 Poyaci
263 1404 298 1465 de
315 1404 453 1485 Oysencio
464 1402 684 1464 etterminum...

183 1502 251 1563 666.
271 1509 349 1577 item,
376 1502 462 1581 quod.
480 1492 559 1580 publ.
575 1500 786 1561 instrumentum
808 1498 850 1578 (ut
863 1497 947 1578 618),
965 1497 1115 1561 continens
1127 1497 1209 1558 homa·

143 1599 217 1680 gium
231 1599 324 1679 ligium
335 1599 477 1679 prestitum
487 1598 566 1658 dom⁰
578 1610 672 1659 nostro
683 1595 813 1677 dalphino
824 1603 1074 1676 pertequemetum
1086 1597 1124 1659 de
1138 1605 1208 1680 Qetz

143 1712 171 1760 et
183 1696 367 1758 terminum...

182 1795 251 1872 667.
270 1801 348 1870 Item,
372 1793 458 1875 quod.
484 1793 694 1855 instrumentum
716 1791 759 1873 (ut
779 1792 862 1874 629),
891 1792 1038 1856 continens
1065 1792 1208 1874 homagium

143 1892 236 1973 ligium
250 1892 285 1953 de
297 1911 415 1972 persona
430 1892 573 1971 prestitum
586 1891 664 1953 dom⁰
677 1904 773 1952 nostro
792 1890 922 1970 dalphino
936 1910 987 1971 per
1010 1890 1138 1953 odonem
1156 1889 1210 1950 Mis·

142 1990 218 2051 tralis
233 1991 267 2050 de
279 1990 417 2071 Oysencio
431 2003 458 2051 et
470 1990 653 2051 terminum...

185 2086 254 2145 668.
274 2092 352 2159 Item,
370 2085 455 2165 quod.
472 2087 683 2148 instrumentum
706 2085 862 2175 confectum
879 2087 963 2146 manu
977 2086 1062 2167 Guig.
1084 2086 1209 2148 Frumenti

142 2194 201 2243 not.
221 2180 288 2261 pub.
306 2183 356 2243 sub
385 2201 457 2242 anno
487 2184 601 2245 Nativit.
632 2183 686 2244 Diri
701 2189 980 2256 M⁰CCC⁰XXX1111⁰,
1014 2184 1102 2246 indic.
1121 2197 1161 2261 11²,
1174 2183 1208 2244 die

142 2292 224 2339 xvrrt³
245 2279 347 2340 mensis
368 2279 494 2358 januarii,
518 2280 663 2343 continens
683 2281 841 2362 homagium
854 2280 947 2360 ligium
975 2282 1053 2342 Petri
1074 2283 1164 2345 Guioti
1188 2293 1209 2342 et

109 2375 324 2443 ⁴terminum...

181 2472 249 2554 669.
282 2480 360 2548 item,
379 2472 468 2553 quod.
489 2471 699 2535 instrumentum
723 2473 764 2554 (ut
786 2473 880 2556 618),
895 2474 1043 2537 continens
1062 2476 1206 2558 homagium

141 2570 278 2632 Guillelmi
294 2569 437 2650 Galvagnii
453 2570 487 2630 de
507 2569 632 2630 Ambello
645 2583 673 2631 et
687 2571 871 2634 terminum...

181 2669 249 2745 670.
266 2676 344 2742 item,
361 2668 446 2748 quod.
463 2667 674 2728 instrumentum
690 2668 732 2748 (ut
745 2668 829 2750 626),
846 2669 891 2731 die
907 2684 970 2730 vrua
984 2689 1076 2732 mens.
1094 2669 1206 2750 ianuarii,

141 2764 285 2825 continens
295 2764 452 2844 homagium
462 2763 554 2844 ligium
573 2764 715 2844 prestitum
732 2785 781 2846 per
796 2766 872 2827 dom.
885 2766 1042 2847 Guigonem
1058 2767 1095 2828 de
1110 2764 1208 2846 Morgiis

140 2874 168 2922 et
179 2860 398 2940 assignacionem
413 2860 559 2921 termini...

180 2957 249 3032 671.
268 2963 346 3032 Item,
356 2957 441 3037 quod.
452 2957 662 3020 instrumentum
672 2958 828 3020 confectum
841 2960 883 3040 (ut
893 2959 977 3040 626),
993 2959 1038 3021 die
1048 2958 1207 3040 rnrjanuan'i,

139 3051 284 3113 continens
301 3052 459 3133 homagium
486 3054 578 3134 ligium
594 3054 738 3134 prestitum
755 3055 832 3116 dom⁰
847 3055 978 3135 dalphino
1002 3076 1054 3137 per
1067 3059 1207 3120 iohannem

140 3148 175 3210 de
191 3149 288 3210 Crollis
304 3150 338 3211 de
349 3150 471 3211 Avaione
487 3165 515 3212 et
529 3151 786 3232 assignacionem...

180 3246 249 3324 672.
264 3254 343 3322 item,
366 3248 451 3328 quod.
471 3248 547 3328 publ.
565 3249 776 3311 instrumentum
794 3250 836 3330 (ut
855 3250 940 3333 670),
964 3251 1114 3312 continens
1127 3251 1209 3311 homa·

138 3343 212 3424 gium
229 3356 257 3405 et
277 3344 500 3425 recognitionem
517 3345 616 3408 factam
644 3365 694 3426 per
720 3347 796 3408 dom.
818 3347 970 3410 Abbertum
986 3348 1022 3410 de
1041 3347 1208 3411 Cassenatico

139 3440 216 3501 dom⁰
239 3455 334 3503 nostro
359 3441 497 3522 dalphino
520 3442 554 3502 de
575 3443 625 3504 hiis
646 3443 774 3505 omnibus
798 3463 851 3524 que
863 3458 940 3506 tenet
964 3445 991 3505 in
1019 3447 1208 3508 mandamento

139 3537 318 3614 Cassenatici,
337 3537 364 3599 in
379 3538 523 3618 parrochia
542 3538 576 3599 de
600 3536 712 3621 Vourey
725 3556 751 3601 et
765 3540 792 3600 in
806 3531 1001 3604 mandamento
1013 3543 1159 3605 Yseronis.

178 3633 247 3711 673.
266 3641 345 3709 item,
366 3634 450 3714 qued.
472 3635 566 3696 lictere
583 3635 699 3716 sigillare
714 3637 741 3698 in
757 3638 887 3718 pendenti
910 3659 958 3701 sex
982 3640 1091 3721 sigillis,
1119 3641 1207 3722 scripte

137 3728 189 3789 sub
199 3750 272 3791 anno
285 3731 320 3793 ab
334 3739 442 3794 incarn.
458 3732 510 3793 Diri
539 3739 752 3809 M⁰CC⁰XXX10,
768 3744 810 3795 111⁰
824 3755 912 3797 nonas
922 3736 1066 3814 febroarii,
1083 3736 1207 3820 Gregorio

139 3833 189 3887 1x⁰
213 3847 295 3908 papa,
327 3829 474 3891 Frederico
496 3837 621 3892 Romano
641 3831 807 3910 imperatore
828 3833 1020 3907 existentibus,
1045 3836 1206 3898 continentes

137 3922 211 4005 quod
227 3926 316 4006 Guigo
328 3927 362 3988 de
381 3927 554 3989 Brianczono
569 3942 597 3990 et
612 3930 771 4011 Eymericus
786 3929 844 4008 ejus
858 3929 930 3992 filius
942 3931 1132 3996 vendiderunt
1152 3951 1206 4014 pre

177 4073 198 4111 t.
215 4056 253 4109 En
268 4075 300 4112 m.
321 4058 473 4132 Lotquatur)
489 4061 610 4185 Rppnaco
625 4060 791 4127 comissario)
806 4062 837 4118 ad
852 4061 1041 4136 recip(iendum)
1056 4061 1203 4140 recogntitio·

137 4134 190 4192 nes)
204 4125 378 4199 dalphtinales)
393 4128 486 4185 Visiiie.
504 4147 518 4184 a
550 4129 673 4187 sciendum
688 4131 729 4204 qui
743 4140 810 4188 tenet
824 4150 871 4206 que
881 4133 1036 4206 recognovit.
