2716 4784
680 432 857 494 ..3,2-

273 551 357 630 1758.
375 555 409 612 lt.
423 548 472 631 qd.
486 561 680 612 testamentum
695 547 817 610 lacellini
833 546 868 608 de
884 552 985 621 Turre,
1000 541 1096 606 vicarii
1109 542 1145 606 de
1160 544 1305 607 Romanis.

271 665 356 728 ¹759·
374 652 407 708 lt.
427 646 475 728 qd.
498 645 709 709 instrumentum
724 646 752 708 in
773 664 829 728 quo
852 641 999 726 hynardus
1022 642 1058 705 de
1073 648 1161 706 Turre
1179 643 1307 706 emanci-

227 744 305 826 pavit
321 743 472 807 Henricum
483 743 542 823 ejus
554 742 651 807 filium.

272 840 356 920 1760.
375 847 408 904 lt.
424 840 473 921 qd.
489 840 585 904 lietera
595 841 684 903 tribus
699 839 794 922 sigillis
808 839 1021 922 sigillata,lacta
1036 843 1200 916 meconii,
1210 857 1308 902 mense

228 937 306 1018 iunii,
323 935 469 1000 continens
484 937 558 1018 quod
572 937 719 1020 Aynardus
732 937 769 999 de
792 944 881 1000 Turre
897 935 1058 999 domicellus
1073 935 1182 1018 accepit
1196 936 1224 999 in
1244 935 1309 1000 feu-

228 1035 293 1097 dum
310 1055 327 1096 a
341 1034 426 1097 nobili
440 1035 502 1097 viro
514 1034 628 1097 alberto
641 1035 755 1098 domino
769 1035 805 1097 de
818 1042 907 1097 Turre
919 1032 1049 1116 quicquid
1063 1034 1186 1096 habebat
1202 1047 1231 1096 et
1239 1053 1310 1116 pos-

228 1132 336 1196 sidebat
348 1133 376 1195 in
397 1146 489 1195 castro
512 1133 607 1195 Turris
630 1133 691 1195 Pini
716 1133 784 1195 etin
798 1131 993 1196 mandamento
1016 1131 1113 1212 ipsius,
1129 1145 1158 1194 et
1176 1132 1308 1214 quicquid
1330 1189 1333 1192 ⁴

228 1229 295 1309 juris
307 1229 419 1292 racione
431 1229 545 1291 dominii
561 1229 704 1293 habiturus
726 1243 787 1293 erat
804 1230 983 1312 imposterum
1008 1228 1037 1291 in
1058 1227 1190 1311 predictis
1202 1243 1231 1292 et
1243 1229 1309 1292 inde

228 1327 293 1390 iecit
310 1327 479 1409 homagium,
492 1341 607 1410 excepta
619 1327 751 1392 fidelitate
763 1328 837 1391 dom¹
848 1327 981 1410 dalphini‚
995 1341 1024 1390 et
1033 1347 1084 1408 pro
1095 1326 1228 1407 predictis
1238 1326 1306 1390 dict.

229 1423 358 1486 dominus
370 1424 405 1487 de
421 1431 510 1486 Turre
523 1425 600 1511 dedit
612 1424 701 1487 eidem
721 1419 789 1487 ffln·
798 1437 826 1487 ct
840 1427 878 1488 Vc
892 1424 973 1487 solid.
991 1423 1147 1501 Viennen.;
1170 1436 1198 1486 et
1210 1423 1310 1486 decla-

229 1535 306 1595 ratur
320 1522 402 1584 etiam
418 1522 530 1585 indicta
544 1523 639 1586 lictera
656 1522 731 1607 quod
748 1522 837 1584 dictus
850 1520 926 1585 dom.
940 1520 1087 1604 Aynardus
1103 1522 1188 1585 habet
1200 1521 1310 1584 medie-

229 1632 314 1683 tatem
329 1620 441 1684 dominii
458 1620 486 1682 in
499 1634 590 1683 castro
606 1621 702 1684 Turris
715 1634 743 1683 et
751 1621 780 1682 in
794 1617 858 1682 villa
868 1633 897 1682 et
906 1620 934 1681 in
948 1619 1142 1707 mandamento
1149 1619 1248 1701 ipsius,
1263 1639 1311 1683 ex-

230 1731 311 1799 cepta
334 1717 418 1780 domo
437 1717 522 1799 ipsius
541 1718 645 1780 domini
660 1718 696 1781 de
713 1725 801 1780 Turre
822 1731 850 1780 et
874 1717 977 1800 poypia
998 1730 1026 1781 et
1050 1717 1129 1799 pedis
1150 1737 1220 1798 quas
1233 1715 1310 1779 idem

229 1816 357 1878 dominus
371 1815 406 1878 de
423 1821 511 1879 Turre
531 1816 632 1879 ibidem
650 1816 779 1898 aquisivit
800 1828 829 1878 et
849 1815 971 1896 exceptis
993 1813 1087 1897 gardis
1099 1814 1185 1895 ipsius
1202 1809 1309 1875 domini

136 1980 139 1986 ,
231 1912 266 1976 de
279 1919 369 1977 Turre
381 1925 409 1976 et
418 1913 551 1977 custodiis
567 1935 636 1996 quas
652 1914 736 1978 habet
750 1914 779 1976 in
794 1913 990 1977 mandamento
1008 1926 1036 1976 et
1049 1912 1114 1975 villa
1127 1910 1225 1973 Turris
1240 1931 1310 1993 pro-

231 2030 316 2091 pnas.

276 2107 360 2187 1761.
377 2115 410 2172 lt.
422 2110 471 2192 qd.
488 2111 577 2173 littera
594 2109 710 2191 sigillata
735 2100 825 2192 sigillo
839 2107 913 2172 dom¹
930 2107 1064 2190 dalphini,
1079 2104 1226 2169 continens
1239 2104 1311 2168 vidi-

231 2224 292 2267 mus
306 2205 415 2286 cujusd.
427 2206 474 2269 alt.
490 2207 580 2270 littere
591 2227 646 2288 que
659 2207 783 2273 continet
792 2207 897 2290 quand.
913 2225 1010 2289 pacem
1018 2204 1229 2288 pronunciatam
1237 2203 1310 2267 inter

141 2282 154 2311 ’
231 2302 307 2366 dom.
321 2304 477 2366 Berlionem
486 2302 521 2366 de
532 2310 621 2367 Turre
633 2318 662 2367 et
671 2304 992 2368 Odobemumdominum
999 2302 1154 2366 castrinovi
1165 2316 1193 2367 et
1205 2303 1308 2386 quood

232 2400 348 2464 aliosde
362 2400 487 2482 pluribus
503 2401 532 2464 in
545 2422 578 2465 ea
594 2403 742 2467 contentis.

276 2498 360 2576 1762.
378 2504 411 2560 lt.
427 2498 475 2580 qd.
492 2497 581 2562 littera
591 2499 707 2581 sigillata
719 2499 809 2581 sigillo
823 2499 924 2564 nobilis
932 2498 1067 2562 Berlionis
1077 2499 1113 2562 de
1123 2505 1225 2578 Turre,
1244 2498 1311 2563 data

232 2600 437 2672 mucltetur,
456 2595 600 2659 continens
616 2596 691 2677 quod
706 2595 879 2660 dict.·Berlio
893 2596 985 2659 villam
1006 2595 1110 2683 quand.
1124 2615 1207 2677 quam
1224 2593 1311 2656 habe·

222 2691 279 2754 'bat
294 2692 322 2753 in
345 2693 540 2755 mandamento
565 2693 599 2755 de
620 2701 720 2771 Turre,
743 2714 797 2775 que
817 2694 902 2775 vulgo
919 2706 1036 2756 vocatur
1062 2683 1230 2776 Qtinsonas,
1245 2709 1310 2754 cum

230 2788 335 2869 juribus
347 2789 403 2851 suis
417 2788 531 2852 donavit
546 2796 672 2853 lacermo
685 2791 720 2854 de
735 2798 835 2869 Turre,
852 2790 956 2853 vicario
968 2789 1111 2868 Romanis,
1126 2789 1203 2852 fratri
1215 2809 1267 2852 suo
1282 2801 1312 2852 et

231 2885 386 2948 declaratur
403 2887 488 2950 lacius
497 2889 525 2950 in
538 2887 603 2969 ipsis
612 2887 715 2950 licteris
730 2888 806 2951 etad
824 2886 909 2950 vitam
923 2887 1020 2968 ipsius·

274 2981 359 3060 ¹7⁶3·
379 2988 414 3045 lt.
430 2983 478 3065 qd.
494 2984 589 3047 lietera
604 2985 750 3048 continens
763 2985 838 3068 quod
856 2984 1010 3047 chabertus
1027 2982 1063 3045 de
1080 2981 1243 3064 Mirinaysio
1257 2981 1311 3045 fuit

231 3078 311 3141 datus
328 3092 440 3142 curator
454 3080 532 3142 dom⁰
548 3083 679 3165 Aynardo
696 3083 810 3145 domino
822 3082 969 3166 Vignayci.

270 3175 355 3256 1764.
370 3184 402 3239 lt.
420 3177 468 3259 qd.
486 3177 581 3241 lictera
592 3189 656 3241 uu⁰r
676 3178 771 3262 sigillis
794 3180 922 3261 sigillata,
943 3181 1089 3243 continens
1108 3177 1212 3262 quand.
1228 3192 1312 3242 tran·

230 3273 381 3352 sactionem
404 3274 504 3338 factam
531 3296 614 3359 super
631 3276 770 3340 nonnullis
785 3276 889 3340 ibidem
908 3277 1054 3341 declaratis
1067 3276 1139 3340 inter
1165 3276 1311 3340 dominum

229 3371 364 3455 vignayci
377 3386 404 3435 et
417 3372 557 3436 dominum
574 3374 663 3439 castri
685 3374 757 3436 Novi
778 3388 908 3457 protunc,
923 3375 952 3436 in
976 3395 1030 3457 qua
1045 3374 1222 3437 declarantur
1239 3374 1312 3437 limi-

228 3469 354 3532 taciones
372 3483 507 3533 terrarum
526 3470 649 3553 ipsorum
674 3471 860 3550 dominorum,
879 3471 944 3535 data
960 3477 1177 3535 mvccxc01110.

276 3568 361 3649 1765.
383 3574 416 3630 lt.
432 3566 481 3648 qd.
497 3568 586 3631 littera
608 3568 718 3632 duobus
738 3568 833 3650 sigillis
847 3569 975 3650 sigillata,
992 3569 1057 3632 data
1072 3574 1308 3647 mccxxxvut,

133 3742 134 3745 Ἴ
229 3664 257 3726 in
270 3685 325 3746 qua
336 3663 458 3726 Poncius
470 3663 505 3726 de
530 3666 686 3747 chavagnis
701 3666 779 3728 miles
791 3666 899 3748 accepit
911 3666 939 3728 in
953 3666 1067 3729 feudum
1088 3687 1104 3728 a
1126 3666 1257 3730 Berlione
1274 3667 1310 3730 de

230 3767 320 3822 Turre
343 3759 455 3823 domum
479 3781 557 3824 suam
581 3776 609 3825 et
623 3763 803 3846 domin(i)um
817 3762 893 3846 quod
911 3763 940 3826 in
960 3776 1052 3826 castro
1071 3763 1259 3828 mandamenti
1274 3764 1309 3828 de

231 3865 350 3941 Dognay
369 3858 456 3922 habet
481 3871 510 3921 et
523 3859 587 3924 inde
603 3859 669 3923 iecit
687 3860 845 3943 homagium
862 3859 968 3943 ligium,
988 3860 1064 3924 salva
1086 3859 1220 3923 fidelitate
1237 3861 1309 3924 illius

230 3952 335 4041 domini
347 3957 426 4036 cujus
442 3956 540 4019 melius
557 3956 723 4020 debet-esse.

276 4050 362 4129 1766.
383 4057 416 4115 lt.
432 4052 480 4134 qd.
507 4054 597 4117 littera
611 4074 639 4117 vr
662 4055 755 4136 sigillis
769 4055 897 4137 sigillata,
915 4056 979 4119 data
994 4062 1227 4135 m⁰cc⁰xxxl11‚
1243 4076 1309 4120 con-

135 4236 140 4244 1
228 4147 319 4211 tinens
332 4149 407 4230 quod
422 4150 580 4214 odobertus
594 4152 629 4216 de
646 4159 743 4217 Castro
753 4159 836 4217 Novo
851 4153 1016 4235 recognovit
1029 4169 1125 4218 tenere
1138 4174 1155 4216 a
1177 4155 1308 4218 Berliono

229 4245 264 4308 de
275 4253 363 4308 Turre
377 4261 496 4310 castrum
509 4247 544 4311 de
556 4256 675 4312 Armeno
694 4263 722 4313 et
743 4250 817 4314 idem
840 4252 906 4317 fecit
923 4253 1084 4335 homagium
1103 4265 1131 4315 et
1144 4250 1307 4318 fidelitatem
