2716 4784
156 513 184 561 et
199 501 292 580 plures
309 500 460 561 canonicos
473 497 559 578 ipsius
590 496 701 576 capituli
719 497 748 557 in
770 496 832 575 ipso
859 495 1047 556 instrumento
1061 492 1206 564 nominaui,

155 609 183 658 et
194 615 322 678 magnam
331 594 532 658 multitudinem
546 593 647 655 civium
661 591 848 654 habitancium
858 591 886 652 in
897 590 1097 653 dictaciritate
1112 590 1207 662 literne,

156 691 240 755 videl.
258 695 330 755 inter
349 711 380 754 se
400 690 521 752 vicissim
543 690 642 762 lactas,
666 703 694 750 et
720 706 772 770 per
784 706 960 768 consequens
984 687 1209 750 confederationes

156 805 184 856 et
199 793 315 853 uniones
333 790 420 850 lactas
442 788 514 850 inter
535 785 741 867 prenominatos
762 784 1014 865 archiepiscopum,
1031 784 1175 866 capitulum
1190 796 1211 844 et

156 890 232 951 cives
260 906 294 948 ex
320 905 374 947 una
398 898 476 965 parte
501 899 530 946 et
556 883 634 946 dom.
654 882 808 944 iohannem
820 881 983 962 dalphinum
996 881 1212 945 Viennensemex

156 983 315 1064 alteraque
325 982 436 1064 quidem
443 981 685 1044 confederationes
695 994 724 1042 et
732 980 849 1041 uniones
862 979 935 1041 lacte
946 978 1065 1042 fuerunt
1078 979 1132 1042 sub
1144 977 1212 1042 modis

156 1093 185 1143 et
195 1079 406 1143 condicionibus
418 1079 446 1141 in
464 1079 540 1141 dicto
553 1079 736 1140 instrumento
752 1075 902 1138 contentis.

195 1196 265 1260 479.
283 1186 362 1253 item,
378 1176 463 1257 qued.
481 1176 571 1238 littera
584 1176 613 1236 in
627 1174 759 1256 pendenti
773 1173 900 1255 sigillata,
913 1172 1018 1253 scripta
1028 1173 1165 1236 subanno
1174 1173 1215 1235 uti

158 1282 377 1351 luceolum„
393 1274 478 1335 indic.
503 1287 538 1349 1³,
554 1273 699 1335 continens
724 1271 947 1352 recognicionem
963 1270 1071 1332 iactam
1086 1270 1217 1335 veooabii

156 1373 184 1434 in
199 1372 297 1453 Xpisto
311 1371 424 1433 domino
433 1369 764 1450 lohanniarchiepiscopo
770 1366 918 1431 Viennensi
928 1385 979 1448 per
991 1367 1214 1450 doru.Guigoneu

157 1469 316 1548 dalphinum
330 1468 514 1529 Viennensem
534 1467 569 1528 de
589 1466 721 1528 comitatu
748 1465 909 1539 Viennensi,
924 1463 972 1546 qui
995 1464 1147 1528 comitatus
1165 1482 1217 1528 ooo·

156 1565 292 1627 frontatus
304 1578 346 1627 est
358 1565 387 1627 in
403 1566 462 1646 ipsa
476 1566 588 1642 littera,
610 1564 676 1625 item
697 1563 875 1625 continemur
904 1560 1023 1627 indicta
1051 1562 1144 1626 littera
1154 1563 1217 1645 plura

157 1663 209 1725 alia
223 1677 381 1745 castraque
400 1675 477 1724 tenet
502 1662 593 1724 dictus
617 1661 694 1723 dom.
722 1659 868 1742 dalphinus
886 1679 903 1721 a
923 1657 1006 1721 dictis
1022 1660 1218 1743 archiepiscopo

157 1772 185 1823 et
197 1761 328 1841 capitulo,
345 1773 400 1822 etc.
1073 1751 1076 1756 ’

195 1857 265 1935 480.
286 1864 364 1931 ltem,
380 1856 465 1938 qued.
481 1855 560 1917 litera
574 1854 684 1917 duobus
694 1854 791 1936 sigillis
797 1854 826 1916 in
840 1854 974 1935 pendenti
987 1854 1122 1936 sigillata,
1135 1855 1219 1935 scripta

157 1951 209 2014 suh
224 1971 298 2015 anno
314 1953 369 2015 oni
384 1958 588 2027 nuceum,
604 1971 636 2028 v,
650 1952 762 2013 kalend.
774 1951 895 2032 augusti,
909 1950 1058 2013 continens
1072 1950 1221 2015 infeudatio

157 2067 220 2110 nem
236 2049 337 2112 iactam
349 2047 492 2110 Vsmidoni
510 2048 545 2109 de
569 2048 697 2110 Carreria
712 2061 832 2128 quatuor
861 2048 1009 2110 domorum
1026 2067 1153 2127 suarum,
1164 2064 1221 2129 quas

157 2144 278 2207 habebat
291 2145 365 2225 apud
380 2144 516 2206 Viennam*
530 2144 559 2205 in
582 2163 631 2205 rua
650 2151 755 2208 Boceu.

92 2258 94 2262 ·
195 2241 265 2318 481.
297 2247 376 2315 ltem,
405 2240 492 2319 quod.
518 2239 730 2302 instrumentum
759 2241 917 2303 confectum
946 2261 1031 2303 manu
1058 2242 1183 2324 Hugonis
1192 2240 1221 2301 de

157 2343 282 2399 Aureaco
296 2337 408 2413 notarii,
421 2336 475 2399 sub
493 2356 566 2399 anno
593 2344 701 2398 lncarn.
727 2338 823 2399 Dhioe
850 2343 1109 2415 nt⁰ccc⁰xu1111·,
1133 2336 1222 2400 nr²dic

156 2435 257 2497 mensis
273 2434 393 2516 augusti,
409 2433 553 2496 continens
568 2434 746 2496 donationem
759 2433 861 2496 factam
886 2453 938 2515 per
951 2435 1032 2497 dom.
1048 2435 1177 2498 Sebillam
1194 2433 1221 2494 de

158 2532 272 2608 Baucio,
288 2532 455 2594 comitissam
477 2531 651 2592 Valentinen.
673 2544 702 2592 ct
726 2531 867 2608 Diensem,
883 2530 941 2594 filio
965 2551 1017 2594 suo
1036 2533 1075 2595 de
1089 2533 1149 2613 jure
1159 2528 1222 2614 quod

157 2629 276 2692 habebat
287 2649 350 2692 cum
374 2628 454 2690 domo
467 2628 599 2709 dalphino
620 2628 733 2690 racione
747 2629 821 2690 dotis
847 2629 992 2692 Beatricis‘
1006 2630 1105 2694 uxoris
1118 2629 1222 2693 condam

155 2726 229 2787 dom‘
244 2726 378 2807 Guigonis
396 2724 529 2806 dalphini,
547 2725 625 2804 cujus
639 2725 720 2786 heres
733 2724 888 2788 dioebatur.

196 2823 265 2900 482.
284 2830 363 2896 Item,
375 2822 460 2902 qued.
477 2823 555 2885 litere
568 2822 679 2884 duobus
688 2823 783 2904 sigillis
803 2824 831 2884 in
845 2823 977 2903 pendenti
991 2823 1123 2905 sigillare,
1134 2823 1221 2903 scripte
1251 2810 1254 2815 ⁵

156 2920 295 2982 subanno
312 2921 365 2983 uri
391 2928 491 2983 M⁰CC·
518 2936 629 3004 octuag.
660 2930 722 2998 Vl⁰,
750 2933 813 2985 vut⁰
839 2923 903 2986 idus
915 2924 1038 3006 augusti,
1062 2925 1222 2997 continentes

155 3020 355 3082 conventiones
369 3019 598 3082 etiederaciones
613 3021 648 3082 ad
662 3021 782 3083 invicem
799 3020 908 3083 habitas
925 3021 997 3083 inter
1027 3021 1110 3084 dom.
1127 3019 1223 3085 archis·

155 3117 298 3198 piscopum
312 3118 496 3180 Viennensem
513 3138 547 3180 ex
560 3137 615 3180 uua
631 3132 710 3200 parte
725 3132 753 3181 et
771 3119 847 3181 dom.
873 3119 1058 3182 Humbertum
1073 3119 1222 3202 dalphinum

155 3232 190 3274 ex
205 3213 291 3276 altera
307 3228 336 3275 et
348 3215 539 3278 reductionem
554 3215 682 3296 gencium
697 3216 872 3278 eorumdem.

194 3310 264 3389 483.
284 3317 363 3387 item,
377 3311 463 3392 quod,
482 3312 560 3392 publ.
575 3311 787 3374 instrumentum
814 3313 971 3375 conlectum
992 3331 1080 3375 manu
1108 3308 1221 3375 Petu'dc

156 3412 244 3468 Puteo
258 3408 359 3469 notarii
375 3408 454 3489 publ.
470 3408 711 3490 subscriptumque
725 3423 753 3472 et
770 3410 907 3490 signatum
928 3428 1013 3470 manu
1027 3407 1126 3471 iacobi
1140 3407 1221 3471 Chau-

154 3504 221 3565 rerii'
230 3517 302 3579 not,
317 3504 368 3566 sub
385 3525 458 3566 anno
472 3506 526 3567 Diri
548 3512 741 3583 M0CC0XC10,
757 3524 789 3567 νο
816 3526 904 3569 nonas
931 3504 1068 3583 octobris,
1089 3505 1222 3569 continere

154 3599 396 3663 confirmacionem
412 3602 594 3683 quorumdam
609 3616 754 3683 pactorum
768 3616 796 3666 et
810 3603 1018 3666 sederacionum
1037 3603 1145 3665 dudum
1159 3597 1222 3663 habi

153 3708 242 3756 tarum
259 3710 287 3759 et
301 3696 428 3760 initorum
455 3699 526 3760 inter
555 3700 632 3762 dom.
663 3699 901 3781 archiepiscopum
917 3700 1108 3763 Viennensem
1131 3719 1165 3761 ex
1178 3715 1222 3761 una

154 3805 233 3871 parte
250 3807 277 3855 et
291 3793 368 3856 dom.
382 3795 542 3876 dalphinum
563 3816 597 3860 ex
611 3799 710 3860 altera.

192 3890 262 3968 484.
289 3899 368 3967 ltem,
393 3892 479 3973 quod.
500 3893 577 3974 publ.
602 3893 815 3968 instrumentum
839 3895 995 3956 coniectum
1023 3914 1110 3961 manu
1135 3890 1224 3959 uuntl

156 3985 235 4048 Pilati
244 4000 304 4054 not
312 4001 344 4049 ct
355 3989 541 4070 subscriptum
552 4003 580 4050 et
594 3989 731 4070 signatum
746 4009 828 4051 manu
840 3990 915 4051 Petri
925 3990 961 4052 de
975 3997 1058 4072 Pupa
1069 4006 1132 4058 not.
1143 3989 1226 4074 publ,

154 4083 206 4144 soh
235 4101 308 4145 anno
336 4085 389 4146 Diti
411 4091 682 4160 Meccc⁰xxxvlh
711 4087 807 4148 indict.
835 4103 876 4161 ve,
895 4086 940 4148 die
959 4090 1139 4153 xxt²meneis
1168 4086 1229 4168 jul,

427 4420 437 4457 i
