2716 4784
593 403 751 482 ..56-

179 538 245 613 283.
262 543 341 608 item,
358 533 443 614 quod.
459 532 496 594 ai.
512 532 723 594 instrumentum
737 533 779 612 (ot
794 532 878 613 263),
890 532 1041 594 continens
1054 533 1197 613 homagium

138 635 278 717 prestitum
293 652 343 712 per
356 631 543 693 Guichardum
558 630 668 692 Guercii
694 629 849 691 Triviamnt
864 629 942 691 dom⁰
956 630 1095 710 dalphino
1109 643 1138 692 et
1153 644 1200 692 ter-

138 730 239 791 minum
254 729 295 809 (ut
307 728 368 808 iii).

178 826 245 902 284.
263 831 342 899 item,
356 822 441 904 quod.
457 822 494 882 ai.
508 821 719 883 instrumentum
738 822 871 904 scriptum
893 842 977 885 manu
991 824 1109 885 Andree
1121 830 1202 885 Satiu-

136 923 193 984 nini
218 922 252 982 de
282 927 384 981 sancto
408 918 516 980 Valerio
539 918 637 980 notarii
652 919 748 999 'publ.,
777 920 829 982 sub
855 940 928 984 anno
952 928 1104 983 insamae.
1132 920 1203 982 Diioe

139 1016 478 1093 M⁰CCC⁰XX1X⁰,indic.
497 1029 559 1089 xut,
579 1017 624 1078 die
650 1028 692 1078 vt²
704 1018 805 1080 mensis
822 1018 890 1097 julii,
911 1018 1003 1100 sigillo
1020 1019 1204 1100 magnificiset

137 1118 256 1199 potentis
267 1116 319 1176 viti
333 1115 409 1175 dom.
426 1113 558 1175 iohannis
579 1114 687 1177 comitis
700 1116 819 1177 Forassii
833 1134 897 1177 cera
913 1115 1003 1178 rubea
1032 1117 1062 1178 in
1088 1110 1205 1198 pendenti

136 1214 263 1296 sigillata,
278 1212 422 1273 continens
446 1211 520 1292 quod
531 1211 621 1272 dictus
636 1211 712 1272 dom.
738 1212 877 1274 lohannes
890 1231 987 1275 comes
1006 1215 1133 1276 Forassii
1153 1234 1206 1277 con·

137 1311 225 1371 fessus
236 1307 286 1369 fuit
302 1307 337 1367 ad
352 1307 508 1368 instantiam
519 1307 592 1368 dom¹
606 1308 739 1389 Guigonis
756 1309 879 1389 dalphini
893 1310 1092 1391 quatrigentas
1112 1324 1142 1373 et
1153 1324 1206 1372 root

138 1426 219 1467 unam
232 1404 315 1466 libras
329 1422 488 1484 grossorum
501 1410 645 1466 Toronen.
662 1405 780 1485 argenti,
803 1405 927 1486 quolibet
948 1412 1070 1469 Turono
1087 1428 1140 1489 pro
1162 1427 1206 1469 uno

138 1502 251 1566 denario
275 1514 444 1581 computato,
463 1500 591 1562 habuisse
615 1501 650 1562 de
677 1502 772 1580 majori
790 1522 897 1564 summa
922 1502 951 1565 in
970 1524 1030 1584 quo
1047 1505 1127 1567 idern
1141 1506 1204 1567 dom.

138 1600 283 1680 dalphinus
296 1598 369 1659 dicto
388 1598 462 1658 dom.
477 1598 570 1659 comiti
583 1598 730 1660 tenebatur
745 1619 795 1679 pro
811 1598 943 1661 fidelitate
955 1600 1011 1662 sibi
1028 1603 1157 1682 prestita.

180 1697 246 1776 285.
276 1702 354 1769 item,
380 1693 466 1774 quod.
492 1694 611 1756 vidimus
640 1695 743 1757 iactum
762 1716 812 1776 per
832 1696 935 1758 curiam
954 1697 1086 1761 officialis
1102 1700 1204 1775 vienne,

138 1795 269 1875 scriptum
285 1811 367 1853 manu
379 1790 510 1852 iohannis
522 1791 679 1874 Foiiapays,
690 1792 741 1854 sub
756 1812 828 1853 anno
839 1793 892 1853 Diti
902 1796 1061 1870 M011⁶LV⁰‚
1072 1797 1205 1858 continens

139 1892 320 1955 donacionem
344 1890 444 1951 iactam
468 1908 517 1968 per
534 1889 610 1949 dom.
636 1889 810 1951 Guiilelmum
834 1891 869 1951 de
885 1890 1064 1954 Bellovidere
1094 1901 1205 1955 Droneto

138 1990 193 2052 filio
208 2009 269 2063 suo,
289 1988 324 2048 de
338 2000 430 2047 castro
446 1984 609 2046 Bellividere
624 1985 659 2047 de
671 1994 765 2047 Marco
779 2000 807 2048 et
816 1987 851 2048 de
864 2001 955 2048 castro
970 1987 1008 2049 de
1024 1988 1130 2051 Pineto
1143 1989 1203 2052 etde

139 2084 270 2147 mistraiia
285 2083 320 2143 de
335 2082 440 2143 Vienna
456 2095 483 2142 et
492 2081 598 2142 devilia
616 2102 664 2144 sua
675 2082 710 2143 de
728 2082 815 2144 Millei
824 2083 904 2145 sitam
925 2103 1015 2165 prope
1044 2086 1204 2148 Pinetumet

139 2183 174 2243 de
191 2179 318 2242 omnibus
333 2192 361 2239 et
373 2178 486 2258 singulis
499 2198 552 2258 que
563 2179 652 2241 dictus
669 2179 745 2240 dom.
764 2181 924 2243 Guilielmus
938 2181 1065 2245 habebat
1074 2184 1105 2245 in
1119 2202 1203 2265 parto

138 2278 200 2340 chia
212 2278 247 2338 de
259 2284 384 2357 Dueymo
398 2284 460 2336 cum
470 2275 552 2356 pleno
571 2275 630 2354 jure
644 2276 765 2337 omnium
780 2276 910 2356 predict,
930 2290 1042 2341 retento
1056 2300 1112 2342 usu
1127 2281 1202 2342 fructu

138 2375 173 2437 ad
188 2373 272 2435 vitam
286 2391 375 2434 suam.
887 2457 890 2463 Ι

180 2472 247 2533 286.
274 2478 352 2546 item,
376 2470 461 2550 quod.
480 2470 690 2532 instrumentum
714 2472 757 2552 (ut
774 2472 856 2553 ²59),
876 2472 921 2533 die
936 2485 958 2532 1²
967 2475 1075 2536 mensis
1088 2472 1200 2554 januarii,

136 2569 281 2632 continens
305 2567 527 2647 recognitionem
552 2566 652 2628 factam
674 2588 724 2649 per
746 2569 822 2631 dom.
838 2577 987 2651 Aymamm
1013 2571 1050 2632 de
1077 2573 1201 2634 Brissiaco

136 2667 249 2727 militem
264 2665 300 2725 de
317 2677 409 2726 castro
421 2664 456 2724 de
472 2671 613 2724 Veraseuo
634 2683 696 2726 cum
712 2667 770 2745 ejus
785 2667 981 2728 mandamento
1003 2681 1033 2728 et
1060 2668 1199 2742 territorio,

136 2782 186 2843 pro
204 2780 259 2842 quo
274 2761 357 2821 feudo
370 2759 435 2820 iecit
448 2759 605 2839 homagium
619 2760 696 2821 dom⁰
713 2763 843 2843 dalphino
860 2762 936 2824 salva
956 2746 1095 2826 fidelitate
1108 2763 1201 2831 comitis

137 2857 286 2919 Sabaudie.

176 2955 243 3031 287.
264 2961 331 3016 item
354 2955 518 3017 invenerunt
539 2955 651 3036 quamd.
670 2956 792 3040 litteram
820 2957 919 3038 prioris
933 2958 1048 3037 majoris
1073 2961 1198 3032 cartusie,

134 3049 223 3131 sigillo
244 3050 302 3129 ejus
330 3051 358 3112 in
379 3052 510 3132 pendenti
534 3052 661 3132 sigillata,
689 3066 717 3114 et
740 3052 907 3115 difinitorum
929 3056 1042 3135 capituli
1072 3057 1198 3130 cartusie,

133 3148 208 3228 quod
221 3147 272 3229 ipsi
284 3147 311 3208 in
325 3161 384 3210 toto
399 3149 496 3210 ordine
506 3148 610 3210 dabant
624 3149 702 3210 dom⁰
713 3151 830 3210 iohanni
842 3152 973 3232 dalphino
985 3152 1064 3215 bone
1079 3154 1198 3217 memorie

132 3245 406 3327 etdom⁰B(eatrici)
421 3246 456 3307 de
474 3246 564 3308 Sicilia
586 3247 644 3325 ejus
674 3246 752 3307 uxori
776 3248 868 3308 omnia
890 3248 1026 3311 beneficia
1051 3252 1196 3325 missarum,

130 3344 296 3421 orationum,
313 3343 565 3425 astinencia(rum),
577 3344 752 3422 jejuniorum,
771 3345 967 3425 vi(gi)liarum‚
979 3346 1111 3411 laborum
1130 3362 1197 3413 cete·

130 3460 245 3523 rumque
258 3441 394 3503 bonorum
404 3442 497 3504 invita
515 3455 543 3502 et
554 3441 581 3501 in
599 3455 687 3503 morte
697 3442 830 3521 ipsorum.

173 3538 240 3599 288.
261 3546 340 3614 Item,
357 3538 470 3619 quamd.
489 3538 607 3599 litteram
620 3538 750 3618 scriptam
773 3540 825 3601 sub
838 3560 911 3603 anno
929 3543 983 3604 Diri
1002 3547 1090 3604 M⁰ilc
1103 3558 1195 3623 octag⁰‚

132 3631 176 3693 die
195 3634 302 3696 sabbati
331 3648 394 3715 post
417 3635 645 3715 Assumptionem
666 3634 748 3696 beate
771 3636 857 3697 Marie
880 3636 1006 3718 virginis,
1025 3639 1138 3703 missam
1158 3654 1197 3719 pet

132 3727 230 3790 ducem
260 3733 418 3813 Borgondie
435 3733 512 3794 dom⁰
541 3732 658 3794 Beatrici
685 3732 824 3796 comitisse
853 3735 1001 3797 Viennensi
1029 3750 1057 3799 et
1086 3735 1194 3807 sibonis,

131 3826 206 3907 quod
219 3842 337 3889 castrum
354 3829 459 3911 Ruppis
475 3831 509 3890 de
524 3831 622 3911 Ciuey‚
638 3831 712 3910 quod
734 3830 810 3891 dont.
828 3832 919 3913 Guigo
934 3833 1193 3914 dalphinuscondam

130 3936 244 4003 ceperat
257 3944 308 4003 pro
318 3924 392 3987 bono
404 3925 526 3987 dominio
539 3926 643 3987 adom⁰
658 3926 804 3988 Guillelmo
824 3928 859 3989 de
878 3930 1055 4008 Rossiiiione,
1080 3931 1194 3994 restitue-

89 4088 101 4109 ·
130 4034 174 4082 ret
188 4020 272 4082 nobili
286 4021 347 4082 viro
364 4023 518 4085 Raimundo
535 4023 570 4085 de
583 4024 696 4105 Ciayto,
706 4024 789 4085 salvis
799 4025 883 4088 feudo
894 4028 1021 4090 reddibili
1031 4029 1118 4110 ipsius
1127 4023 1193 4092 casui

131 4130 159 4178 et
170 4116 336 4199 quibusdam
345 4119 415 4183 aliis.
