2716 4784
585 370 763 435 ..188-

138 497 204 578 quid
218 498 340 563 habebat
361 514 389 563 et
413 500 528 564 tenebat
550 515 578 564 et
599 500 762 583 possidebat
791 520 842 583 per
867 521 899 565 se
913 502 960 566 vel
980 502 1211 584 peraliumdon.

139 596 274 659 Martinus
287 598 324 659 de
336 597 419 661 vireu
433 597 460 660 in
480 598 545 661 vilia
559 598 594 662 de
615 604 705 661 Turre
719 611 748 661 et
763 597 791 661 in
804 580 1007 664 mandamento
1032 598 1120 682 ipsius
1131 600 1213 677 castri,

138 709 306 776 eotempore
317 715 373 778 quo
389 696 449 779 ipse
462 695 538 760 dom.
558 696 692 760 Martinus
704 696 886 779 recognovim
901 697 968 761 item
978 712 1113 781 quartam
1121 713 1213 782 partem

138 797 175 861 de
201 791 295 870 Vireu,
318 792 383 855 item
401 792 526 875 quitquid
553 794 647 870 habet,
675 806 753 856 tenet
770 793 815 857 vel
841 794 968 876 possidet
992 808 1024 858 et
1044 795 1134 859 eciam
1150 797 1214 860 don⁸

139 888 303 970 Belengeria
321 902 411 951 mater
425 909 475 951 sua
495 890 571 969 juxta
585 890 748 954 lescheriam
762 911 779 954 a
791 905 871 973 parte
881 891 1028 970 Crimiaci‚
1040 907 1072 957 et
1088 893 1213 976 pluraaia

138 987 166 1050 in
188 986 265 1048 dicto
287 985 378 1048 immo
398 1000 529 1050 contenta
551 1000 571 1049 ¹.
596 1022 636 1035 -
665 989 750 1067 1064.
781 994 861 1066 Item,
885 988 976 1070 quod.
1008 988 1213 1052 instrumentum

137 1082 215 1166 publ.
227 1083 360 1164 scriptum
370 1102 454 1145 manu
464 1082 579 1164 predicti
591 1083 702 1159 notarii,
717 1084 769 1147 sub
785 1103 859 1147 anno
873 1090 928 1147 Dm
943 1091 1212 1163 M⁰CC0LXX⁰V110,

139 1180 219 1243 indit.
231 1193 287 1257 νβ,
299 1179 344 1242 die
354 1180 483 1242 mercurii
493 1194 557 1261 post
565 1180 665 1243 festum
679 1179 837 1243 Natiuitatis
848 1180 971 1260 Domini,
988 1181 1143 1245 continens
1152 1181 1213 1265 quod
1235 1214 1238 1219 ·

138 1277 238 1340 nobilis
253 1276 359 1352 Drodo,
372 1277 500 1340 dominus
510 1277 545 1341 de
563 1277 641 1341 Bello
657 1277 770 1354 Videre,
783 1276 984 1341 hliuscondam
1000 1279 1080 1343 dom¹
1091 1278 1213 1343 Guillelm'

138 1373 174 1436 de
202 1372 388 1449 Bellovidere‚
406 1373 527 1455 prestitit
539 1374 697 1456 homagium
714 1374 808 1456 ligium
825 1375 903 1437 dom⁰
912 1388 1015 1438 nostro
1038 1376 1171 1458 dalphino
1188 1389 1211 1439 et

139 1469 362 1551 recognicionem
388 1490 438 1552 per
458 1471 547 1553 ipsum
571 1472 671 1535 laetam
698 1471 787 1534 eidem
811 1470 888 1534 dom.
915 1470 1054 1554 dalphino
1079 1470 1213 1537 castrids

141 1567 218 1630 Bello
235 1567 347 1645 Videre,
364 1567 456 1649 burgi,
475 1567 673 1644 mandamenti,
692 1566 835 1645 territorii,
853 1567 981 1646 dominii,
1009 1569 1122 1652 gardis,
1138 1567 1214 1633 leudis

139 1679 168 1730 et
178 1665 294 1727 aliorum
308 1679 502 1728 contentorum
518 1665 631 1729 indicto
645 1665 735 1729 instr¹o
751 1685 758 1727 :
778 1684 834 1747 que
845 1664 1034 1730 instrumenta
1044 1666 1129 1730 simul
1138 1664 1215 1749 posito

139 1776 203 1827 sunt
214 1763 242 1826 in
255 1764 374 1846 quadam
389 1764 472 1845 pelle.

182 1865 266 1943 1065.
283 1868 362 1937 Item,
374 1861 411 1924 al.
426 1862 639 1925 instrumentum
656 1860 734 1942 publ.
752 1860 885 1943 scriptum
899 1880 986 1923 manu
998 1861 1081 1926 Petri
1094 1862 1131 1925 de
1145 1868 1215 1944 llay-

139 1959 214 2022 riaco
224 1959 323 2022 notarii
333 1958 410 2041 publ.
427 1958 479 2020 sub
492 1978 565 2021 anno
583 1958 1023 2035 DhiM⁰CCC⁰XXX1X⁰,indic.
1042 1974 1111 2037 νιν,
1125 1960 1214 2023 dien·

140 2056 242 2119 mensis
255 2056 333 2135 junii,
349 2057 494 2119 continens
519 2055 595 2138 quod
617 2055 694 2118 dom.
714 2055 924 2120 Bartholomeus
945 2057 1113 2121 Athenoudi
1136 2058 1212 2131 miles,

139 2151 279 2214 iohannes
296 2151 445 2230 Richermi,
466 2153 612 2217 Berthetus
626 2153 749 2235 Cheyns,
770 2153 927 2234 Stephanus
944 2154 1105 2232 Ricbermi,
1120 2162 1213 2217 Penne

139 2262 221 2313 netus
234 2250 269 2312 de
286 2249 442 2327 Chucheto,
464 2251 554 2332 Guigo
582 2250 618 2314 de
636 2250 792 2324 Chucheto,
813 2250 961 2314 Arnaudus
974 2251 1014 2314 de
1034 2251 1169 2335 Vigniam
1191 2263 1214 2314 et

141 2354 296 2411 Peronetus
313 2346 348 2410 de
368 2347 491 2411 Cucheto
505 2347 684 2430 prestiterunt
696 2346 853 2429 homagium
866 2346 945 2409 dom⁰
959 2348 1090 2412 lacelmo
1103 2347 1212 2424 ciriacii,

139 2445 167 2508 in
181 2445 288 2529 legibus
302 2444 458 2521 licenciam,
472 2445 646 2527 procuratori
655 2458 730 2509 terre
740 2444 847 2522 Turris,
858 2443 1006 2528 recipienti
1024 2445 1141 2510 nomine
1149 2444 1212 2509 don*

140 2545 227 2608 nostri
241 2543 364 2626 dalphini
387 2542 561 2606 Viennensis.

134 2678 137 2683 >
185 2640 269 2704 1066.
305 2648 384 2718 ltem,
415 2639 471 2702 duo
506 2639 585 2721 publ.
621 2638 856 2702 instrumentum
884 2636 984 2701 eadem
1012 2639 1089 2721 pelle
1121 2639 1215 2721 scripu

141 2758 223 2801 manu
237 2739 340 2802 hiberti
354 2739 389 2800 de
403 2737 514 2820 Brayda
536 2737 636 2801 notarii
665 2736 742 2818 publ.
759 2735 810 2797 sub
827 2753 900 2797 anno
916 2733 972 2797 Dili
1002 2742 1213 2811 M⁰CC⁰XC⁰V⁰,

140 2835 210 2898 silio.
236 2836 281 2898 die
297 2834 437 2918 quindena
446 2835 635 2917 apostolorum
652 2834 728 2898 Petri
735 2847 763 2897 et
779 2833 868 2910 Pauli,
884 2851 1003 2914 quorum
1019 2833 1144 2915 primum
1157 2852 1215 2898 con·

143 2934 212 2997 tinet
223 2932 299 3014 quod
313 2940 485 3017 Aymonetus
504 2947 532 2995 et
548 2940 648 2995 Petrus
661 2932 696 2995 de
710 2930 938 2995 monteferrando
962 2930 1078 3011 fratres,
1093 2932 1144 2995 filii
1156 2952 1217 2996 con-

143 3032 206 3093 dam
222 3030 299 3093 Petri
308 3029 345 3093 de
358 3030 584 3094 monteferrando
604 3029 753 3107 domicelli,
766 3028 886 3092 confessi
898 3029 1012 3093 luerunt
1025 3049 1058 3094 se
1069 3043 1169 3095 tenere
1187 3029 1216 3093 ab

141 3129 178 3191 ill¹
194 3127 319 3210 principe
332 3127 412 3191 dom0
426 3142 521 3191 nostro
534 3126 563 3191 d.
588 3127 742 3190 Humberm
770 3126 901 3209 dalphino
927 3125 1095 3207 Viennensi,
1112 3127 1217 3192 domino

143 3226 178 3289 de
192 3232 292 3303 Turre,
306 3226 433 3309 quidquit
447 3223 560 3302 habent,
576 3237 673 3288 tenent
687 3237 715 3287 et
727 3223 871 3305 possident
883 3223 929 3286 vel
941 3224 1022 3307 quasi
1039 3224 1068 3287 in
1077 3224 1217 3308 parrochia

143 3323 179 3386 de
188 3324 297 3387 Cliseuz
314 3338 341 3387 et
356 3324 384 3386 in
400 3323 539 3386 territorio
556 3322 680 3403 ejusdem
699 3321 763 3384 ville
777 3321 813 3384 de
828 3320 913 3385 feudo
927 3335 956 3384 et
969 3320 1098 3386 dominio
1125 3320 1217 3405 prefati

143 3419 219 3483 dom.
237 3421 371 3503 dalphini,
386 3435 414 3484 et
427 3440 478 3502 pro
491 3418 622 3501 predictis
635 3418 763 3500 homagia
775 3417 839 3499 ligia
854 3418 932 3480 dont·
948 3417 1083 3499 dalphino
1099 3419 1218 3481 lecerunt

143 3530 171 3579 et
184 3516 273 3581 dictus
287 3518 363 3580 dom.
387 3517 533 3600 dalphinus
545 3517 666 3579 debebat
677 3516 780 3579 eisdem
791 3528 914 3578 assetare
924 3521 945 3576 C
957 3514 1044 3577 solid.
1060 3515 1090 3578 in
1107 3513 1217 3577 redditi·

143 3617 196 3679 bus
209 3629 292 3698 prout
305 3616 333 3678 in
350 3615 424 3678 dicto
448 3616 539 3678 instr¹⁰
552 3615 708 3678 continetur
726 3633 735 3693 ;
753 3647 791 3659 -
811 3612 896 3693 1067.
928 3614 1092 3677 Secundum
1118 3634 1215 3678 vero...

144 3715 267 3778 continet
280 3715 438 3797 homagium
452 3715 596 3797 prestitum
613 3713 854 3795 perlohannetum
866 3713 902 3776 de
920 3712 963 3776 les
987 3713 1122 3777 Escloses
1134 3711 1216 3777 domi·

145 3811 256 3875 cellum.

191 3908 274 3970 1068.
288 3915 367 3986 ltem,
384 3908 471 3991 quod.
491 3908 702 3971 instrumentum
716 3906 850 3988 scriptum
867 3925 951 3972 manu
966 3905 1055 3990 Guig.
1083 3902 1212 3971 Frumenti

187 4129 209 4169 r.
224 4111 263 4167 Ea
277 4129 311 4168 m.
326 4109 383 4169 Fiat
396 4109 537 4168 informatio
551 4111 582 4167 de
596 4109 712 4184 predictis
722 4107 802 4184 etqui
816 4117 883 4166 tonet
896 4125 934 4167 ea.
1051 4100 1056 4123 ²
