2716 4784
596 410 753 470 ..18-

138 541 215 620 junii,
230 541 329 602 undet.
341 541 439 615 indic,
458 559 605 621 regnorum
624 541 709 620 ipsius
722 548 805 614 nutu,
821 540 965 601 continens
994 542 1071 621 quod
1086 541 1149 622 ipse
1170 561 1214 605 rex

139 637 215 700 dedit
230 638 331 700 dilecto
346 638 440 717 nepoti
460 657 512 698 suo
525 638 643 706 iohanni
674 636 811 716 Dalphino
835 637 986 699 Viennensi
1011 651 1040 699 et
1068 638 1215 701 heredibus

138 735 197 814 ejus
211 754 246 796 ex
261 754 312 797 suo
327 753 445 814 corpore
454 734 612 807 nascituris,
631 733 659 795 in
669 733 782 795 feudum
799 747 921 795 castrum
936 733 971 795 de
989 735 1081 797 serris
1095 736 1177 798 situm
1189 737 1214 798 iu

138 831 269 892 comitatu
302 829 521 909 Forqualquerii,
550 848 612 911 cum
641 828 810 903 hominibus,
830 829 946 908 juribus,
970 830 1212 908 juridictionibus,

139 945 215 990 mero
230 940 258 988 et
271 926 356 987 mixto
371 926 498 1006 imperio,
526 927 592 988 item
621 927 662 1003 jus
689 927 764 1007 quod
780 927 832 988 sibi
847 927 980 1007 competit
992 928 1021 988 in
1037 929 1139 991 castris
1154 937 1214 991 me

139 1023 250 1105 grandis
264 1037 292 1084 et
311 1028 396 1084 Bassa
413 1023 531 1098 Merolii,
544 1023 596 1084 sub
613 1023 743 1103 homagio
753 1036 782 1084 et
798 1023 858 1085 aliis
872 1022 1087 1085 condicionibus
1097 1024 1126 1085 in
1146 1024 1214 1086 dicto

138 1120 320 1181 instrumento
334 1120 482 1195 contentis,
501 1120 647 1181 continens
671 1120 759 1181 eciam
786 1139 954 1182 concentum
970 1133 998 1182 et
1022 1121 1213 1184 auctoritatem

139 1216 204 1278 dicti
220 1216 295 1276 dom.
312 1216 385 1295 regis
402 1215 476 1277 dicto
483 1215 559 1277 dom.
569 1216 701 1296 dalphino
716 1217 856 1279 concessis
863 1217 898 1278 de
913 1216 994 1278 dictis
1004 1218 1105 1280 castris
1122 1219 1214 1280 dandis

140 1327 168 1376 et
182 1312 369 1375 concedendis
389 1314 488 1375 eodem
508 1314 592 1375 modo
617 1333 672 1394 quo
692 1313 743 1375 sibi
766 1328 830 1376 sunt
849 1333 982 1378 concessa
1000 1316 1081 1377 dom⁰
1099 1316 1214 1380 Guidoui

138 1410 215 1472 fratri
229 1430 291 1472 suo.

179 1507 227 1568 82.
249 1515 326 1581 ltem,
339 1506 424 1587 quod.
442 1507 515 1568 aliud
537 1507 710 1587 privilegium
726 1526 742 1567 a
759 1508 934 1570 serenissimo
951 1508 1057 1571 Karolo
1085 1517 1125 1570 11⁰
1154 1529 1213 1590 rege

137 1604 307 1665 iherusalem
322 1617 350 1665 et
364 1604 458 1666 cicilie
473 1617 630 1665 emanatum
652 1603 767 1683 ejusque
781 1603 870 1684 sigillo
898 1624 962 1667 cera
976 1605 1066 1667 rubea
1080 1625 1146 1668 cum
1168 1606 1211 1668 blo

138 1700 210 1762 sitici
219 1700 298 1761 rubei
311 1714 338 1762 et
354 1701 428 1762 croci
446 1700 474 1761 in
495 1700 627 1780 pendenti
655 1699 813 1780 sigillatum,
832 1700 964 1780 scriptum
989 1701 1042 1763 sub
1072 1721 1149 1765 anno
1165 1702 1214 1764 uni

139 1803 364 1872 M⁰cc⁰xc⁰111⁰,
386 1797 431 1858 die
446 1796 540 1857 ultima
570 1796 672 1857 mensis
696 1795 854 1870 decenbris,
880 1815 922 1856 vtr
945 1796 1047 1872 indic,
1066 1817 1213 1879 regnorum

138 1914 205 1956 vero
220 1894 306 1974 ipsius
320 1913 393 1954 anno
408 1902 480 1967 vut⁰,
499 1892 644 1954 continens
654 1890 896 1954 confirmacionem
924 1912 974 1972 per
991 1893 1114 1957 eundem
1142 1896 1211 1957 dom.

138 2011 231 2072 regem
244 1992 344 2052 lactam
355 1989 436 2051 domo
445 1989 562 2050 iohanni
580 1989 727 2068 Dalpbino,
744 2009 827 2070 super
839 1990 995 2052 donacione
1008 1991 1063 2053 sibi
1079 1993 1156 2054 lacta
1169 2010 1212 2072 per

138 2088 271 2150 illustrem
289 2087 440 2168 principem
460 2087 641 2149 llumbertum
653 2087 812 2168 dalphinum
827 2102 855 2150 et
868 2089 944 2151 dom.
958 2096 1068 2152 Annam
1080 2090 1142 2169 eius
1156 2109 1215 2153 con-

139 2196 245 2245 sortem
262 2184 297 2244 de
311 2197 371 2244 toto
386 2183 563 2263 Dalphinatu.

180 2282 228 2356 83.
248 2288 327 2353 ltem,
356 2280 441 2360 quod.
466 2280 539 2340 aliud
563 2279 703 2360 publicum
733 2281 943 2344 instrumentum
970 2284 1107 2364 scriptum
1138 2305 1211 2349 manu

139 2377 276 2440 Guillelmi
289 2377 392 2439 ludicis
402 2391 430 2439 et
443 2376 614 2457 subcriptum
622 2379 819 2440 manquredi
827 2381 862 2442 de
870 2380 1008 2443 Vericono
1016 2382 1097 2461 publ.
1106 2383 1211 2456 notarii,

138 2475 190 2538 sub
204 2495 278 2537 anno
294 2481 437 2536 lucamac.
461 2474 548 2537 [unice
565 2481 752 2550 ut⁰ccc⁰1x⁰‚
765 2475 810 2537 die
823 2490 888 2538 ’νττι
902 2477 1005 2540 mensis
1027 2479 1139 2556 marcii,
1161 2487 1214 2542 vitu

138 2572 237 2648 indic,
252 2573 347 2652 sigillis
364 2572 494 2634 sereniss.
513 2573 586 2652 regis
604 2572 719 2635 Roberti
741 2591 805 2634 cera
830 2573 917 2635 rubea
944 2588 972 2636 et
996 2576 1072 2637 dom¹
1099 2574 1213 2657 dalphii

138 2688 202 2731 cera
216 2669 278 2730 alba
292 2669 320 2729 in
331 2669 462 2748 pendenti
475 2668 634 2748 sigillatum,
648 2669 793 2731 continens
805 2670 1029 2750 recognicionem
1042 2672 1213 2735 serenissimo

139 2764 255 2846 principi
270 2765 345 2826 do'm.
363 2765 485 2826 Roberto
502 2765 552 2827 Dei
578 2766 693 2847 (gratia)
720 2767 778 2846 regi
795 2787 878 2846 supra
906 2768 1011 2847 scripto
1040 2769 1146 2832 factam
1171 2787 1213 2850 per

139 2861 214 2921 dom.
231 2861 383 2921 iohannem
401 2861 560 2940 dalphinum
577 2862 708 2941 predict,
725 2863 760 2924 de
784 2862 912 2925 omnibus
926 2864 977 2925 hiis
993 2885 1050 2944 que
1064 2878 1144 2930 tenet
1163 2865 1211 2946 (et)

139 2957 263 3038 possidet
275 2958 320 3018 vel
330 2958 407 3038 quasi
418 2977 467 3037 per
480 2978 510 3019 se
524 2959 569 3020 vel
584 2978 634 3038 per
642 2960 724 3024 alium
739 2960 766 3020 in
780 2960 904 3039 partibus
917 2961 1074 3040 Vapincesii
1085 2963 1132 3024 vel
1144 2963 1210 3037 alibi,

139 3054 175 3114 de
187 3053 318 3115 comitatu
335 3054 538 3134 Folqualquerii
551 3056 595 3116 vel
613 3056 671 3132 ejus
686 3056 874 3136 pertinenciis,
899 3057 1130 3137 recognicionem
1155 3059 1211 3138 juris

139 3150 161 3212 si
178 3149 253 3229 quod
268 3150 351 3212 habet
374 3151 401 3211 in
417 3151 539 3212 dominio
559 3166 587 3213 et
610 3153 783 3231 juridictione
800 3152 919 3220 condam
947 3154 1021 3214 doml
1054 3155 1209 3236 Dragoneti,

138 3249 243 3311 domini
258 3250 292 3311 de
309 3257 403 3311 Monte
419 3249 538 3327 Albano,
552 3252 702 3313 continens
711 3252 798 3313 eciam
814 3253 1038 3332 recognicionem
1054 3254 1176 3335 homagii
1189 3253 1211 3312 in

138 3367 193 3427 quo
208 3347 298 3408 dictus
310 3347 386 3407 dom.
404 3346 550 3426 dalphinus
563 3348 651 3409 eidem
669 3348 747 3410 dom⁰
754 3348 813 3427 regi
843 3362 953 3410 tenetur
983 3362 1012 3411 et
1022 3344 1152 3411 ⁸omnium
1166 3365 1212 3429 que

138 3444 253 3506 tenetin
269 3443 340 3506 valle
355 3444 390 3505 de
401 3451 524 3523 Rugnes.
1215 3441 1220 3455 '

80 3552 83 3561 '
179 3538 226 3616 84.
247 3547 325 3615 Item,
338 3541 424 3620 quod.
447 3540 520 3601 aliud
549 3541 758 3620 privilegiuma
786 3540 962 3602 serenissimo
992 3561 1061 3622 rege
1095 3544 1210 3607 Robetto

141 3636 190 3696 Dei
204 3637 290 3715 gratia
304 3637 456 3699 Jerusalem
472 3651 500 3699 et
522 3638 615 3700 Cicilie
638 3657 705 3718 rege
717 3652 874 3699 emanatum
901 3639 1016 3719 ejusque
1040 3640 1134 3721 sigillo
1157 3659 1211 3703 cera

139 3731 225 3792 rubea
236 3731 263 3792 in
280 3734 412 3811 pendenti
430 3753 492 3795 cum
512 3733 559 3795 filo
576 3735 651 3796 cirici
665 3732 744 3794 rubei
760 3747 788 3795 et
801 3735 875 3795 croci
891 3735 1051 3814 sigillatum,
1072 3738 1212 3800 continens

138 3827 321 3909 donacionem
339 3849 388 3909 per
401 3830 504 3892 dictum
527 3831 601 3894 dom.
619 3851 713 3920 regem
730 3831 831 3892 factam
845 3831 942 3893 illustri
966 3833 1086 3914 principi
1105 3835 1211 3897 domiuo

138 3937 233 3987 nostro
246 3924 399 3987 Humberto
414 3927 545 4006 dalphino
561 3927 710 3991 Viennensi
723 3927 759 4001 de
773 3926 846 3988 mille
865 3927 953 3990 unciis
964 3928 1024 3989 auri
1040 3931 1211 4004 annualibus,

54 4038 61 4049 ’
121 4098 123 4103 .
139 4019 190 4082 sibi
204 4035 232 4083 et
243 4021 298 4082 suis
306 4041 355 4101 per
369 4022 472 4084 dictum
484 4023 559 4084 dom.
575 4043 668 4104 regem
700 4023 727 4083 in
743 4023 896 4085 redditibus
921 4037 950 4085 et
963 4024 1055 4087 feudis
1070 4028 1213 4109 assignan-

139 4117 181 4179 dis
197 4130 224 4180 et
239 4117 403 4179 asserandis.
1180 4143 1181 4146 ¹
