2716 4784
573 430 767 493 .··¹45-

137 543 306 606 tinentiisde
317 542 428 625 Claysio
442 556 470 605 et
481 543 645 624 generaliter
659 543 789 625 quicquid
802 543 874 604 dom‘
891 543 1056 605 Amblardus
1069 556 1097 606 et
1110 550 1216 606 star-

136 641 192 703 dus
208 641 316 716 milites,
333 641 452 702 condam
466 640 570 701 domini
584 641 619 702 de
632 639 753 722 Claysio,
771 640 870 702 fratres
881 654 1046 720 receperunt
1059 639 1087 701 in
1101 639 1214 702 feudum

135 759 154 799 a
171 738 278 800 decano
292 751 319 800 et
328 738 449 819 capitulo
463 737 580 800 ecclesie
594 756 677 817 supra
690 738 779 814 dicte3
794 737 939 799 continens
948 737 1030 799 etiam
1044 736 1217 818 recognicio-

135 854 203 896 nem
218 836 318 896 factam
334 856 383 916 per
393 836 496 897 dictum
514 835 590 896 dom.
607 834 767 915 dalphinum
780 835 887 896 decano
900 834 1052 915 etcapitulo
1063 834 1214 914 supradict.

136 930 174 992 de
185 931 314 994 omnibus
327 933 461 994 universis
475 946 502 994 et
516 931 629 1012 singulis
643 931 733 993 eidem
748 931 856 993 donatis
870 944 901 993 ut
913 950 1007 1011 supra.
1025 967 1063 977 —
1078 931 1146 1009 836.
1166 931 1216 992 Cui

136 1029 251 1108 quidem
265 1029 355 1092 instr²⁰
366 1044 407 1092 est
418 1049 556 1091 annexum
565 1029 638 1090 aliud
653 1028 730 1110 publ.
741 1028 952 1090 instrumentum
964 1029 1121 1098 confectum
1133 1048 1216 1090 manu

135 1125 204 1187 dicti
228 1128 339 1201 notarii,
375 1127 519 1189 continens
551 1127 774 1207 recognicionem
806 1127 878 1188 dom¹
914 1126 1039 1207 Ilugonis
1066 1126 1217 1202 hdemarii,
1247 1145 1249 1148 ’

137 1222 243 1283 domini
262 1224 364 1286 Montis
380 1224 488 1300 Albani,
504 1224 539 1285 de
552 1224 626 1285 dicta
649 1223 764 1286 baronia
778 1237 806 1288 et
818 1224 937 1304 plurium
949 1224 1064 1286 aliorum
1078 1223 1215 1300 locorum,

137 1330 167 1380 et
177 1332 220 1380 est
231 1321 435 1403 registr(at)um
451 1320 479 1382 in
494 1320 631 1382 Baroniis.
911 1318 922 1338 '

179 1418 248 1494 837.
266 1426 344 1493 Item,
373 1419 459 1499 quod.
489 1419 525 1480 al.
554 1419 766 1481 instrumentum
794 1419 871 1501 publ.
890 1420 1023 1500 scriptum
1042 1437 1126 1480 manu
1141 1416 1218 1480 Petri

136 1512 244 1574 Viniaci
265 1515 374 1591 notarii,
400 1515 451 1576 sub
475 1535 548 1577 anno
568 1517 622 1577 Drii
650 1522 862 1594 M⁰CC⁰XC⁰V⁰,
891 1516 977 1578 indic.
998 1523 1115 1591 vr11³,v⁰
1129 1533 1218 1576 nonas

136 1610 273 1687 octobris,
303 1612 448 1674 continens
473 1614 630 1694 homagium
659 1613 753 1694 ligium
780 1613 923 1694 prestitum
952 1614 1032 1674 dom0
1046 1626 1142 1674 nostro
1154 1612 1219 1675 dal·

136 1707 223 1786 phino
246 1728 298 1787 per
315 1711 509 1792 Reymondum
536 1711 571 1771 de
589 1711 691 1793 Toyria
710 1710 822 1772 racione
836 1710 919 1772 castri
945 1711 1046 1772 Montis
1072 1710 1181 1772 Bonodi
1196 1723 1215 1774 ¹.

179 1805 249 1881 838.
268 1813 346 1882 Item,
364 1807 450 1887 quod.
472 1807 549 1888 publ.
569 1807 779 1869 instrumentum
794 1806 837 1888 (ut
850 1807 933 1887 713),
960 1807 1105 1868 continens
1118 1806 1219 1868 homa·

136 1900 214 1980 glum
231 1902 375 1980 prestitum
402 1903 481 1964 dom⁰
496 1917 592 1966 nostro
616 1903 747 1983 dalphino
774 1923 825 1984 per
849 1902 994 1984 hgnellum
1017 1904 1053 1965 de
1075 1903 1177 1965 Millian
1190 1915 1218 1965 et

136 1997 325 2061 terminum...
444 2058 447 2063 ,
512 2013 514 2017 ’

179 2095 249 2175 839.
276 2103 354 2173 Item,
377 2096 463 2177 quod.
489 2097 525 2157 al.
556 2097 634 2178 publ.
658 2097 870 2160 instrumentum
892 2098 1024 2179 scriptum
1045 2118 1128 2167 manu
1141 2099 1216 2161 Petri
1306 2085 1309 2088 ’

137 2193 271 2253 hmselmi
284 2194 384 2255 notarii
399 2193 477 2274 publ.
498 2194 549 2256 sub
563 2215 636 2256 anno
661 2197 974 2272 unim0cc0uxxv11,
993 2197 1079 2260 indic.
1105 2207 1217 2272 v³,1ur⁰
1274 2256 1277 2264 ,

137 2311 227 2353 nonas
254 2291 322 2370 julii,
350 2293 496 2354 continens
524 2294 599 2374 quod
632 2294 765 2356 Martinus
779 2295 814 2356 de
831 2294 952 2355 Brenino
967 2295 1111 2356 confessus
1125 2294 1174 2355 luit
1188 2313 1218 2356 se

136 2402 235 2449 tenere
248 2389 283 2449 de
298 2388 420 2450 dominio
435 2403 463 2451 et
478 2390 561 2452 feudo
577 2391 650 2452 dom¹
666 2393 741 2454 Petri
755 2393 866 2454 nurucii
879 2391 970 2454 omnia
988 2411 1042 2473 que
1064 2390 1178 2452 tenebat
1192 2403 1220 2452 et

137 2484 289 2565 aquisierat
303 2506 318 2546 a
340 2493 424 2548 Petro
439 2487 571 2549 Montanii
586 2503 613 2549 et
629 2489 749 2569 Agnesia
770 2508 857 2550 rurore
872 2509 932 2565 sua,
953 2502 1071 2569 excepto
1088 2487 1219 2567 homagio

138 2581 174 2642 de
185 2602 242 2662 quo
258 2602 309 2663 pro
322 2584 403 2645 dictis
416 2585 502 2667 'rebus
516 2604 572 2647 non
586 2599 707 2662 tenetur,
720 2587 900 2648 etconfessus
913 2586 964 2648 fuit
977 2587 1067 2648 dictus
1085 2585 1220 2648 Martinus

137 2678 175 2740 de
196 2681 349 2761 Bregnmo,
381 2683 425 2744 cui
454 2684 587 2746 successit
609 2684 749 2761 dominus,
767 2704 798 2746 se
822 2685 927 2747 debere
944 2705 995 2766 pro
1010 2685 1077 2748 dict.
1101 2684 1185 2747 rebus
1199 2702 1219 2745 u

117 2816 119 2822 ι
137 2775 244 2838 solidos
258 2797 358 2840 census
373 2793 401 2841 et
415 2798 443 2840 vr
462 2780 558 2842 denar.

180 2874 249 2949 840.
282 2882 361 2951 Item,
392 2877 476 2957 qued.
502 2878 596 2939 lietera
617 2878 645 2939 in
674 2879 807 2960 pendenti
830 2878 958 2960 sigillata,
988 2878 1040 2941 sub
1064 2897 1138 2940 anno
1166 2877 1220 2939 uni

140 2978 317 3049 Il⁰cc⁰III⁰,
334 2993 371 3035 xv
384 2975 560 3036 calendarum
579 2976 683 3057 aprilis,
707 2977 853 3038 continens
870 2976 944 3057 quod
961 2983 1061 3039 Petrus
1077 2976 1112 3038 de
1130 2983 1221 3038 Ponte

138 3068 325 3132 confitebatur
336 3085 431 3133 tenere
448 3092 464 3133 a
491 3072 568 3134 dom⁰
583 3073 713 3154 dalphino
728 3074 858 3155 quicquid
873 3074 932 3153 ipse
946 3074 1068 3136 habebat
1080 3068 1222 3155 in'parro·

138 3166 208 3228 chiis
219 3166 361 3242 d'Arenio,
378 3169 466 3230 d’Ous
489 3183 516 3231 et
531 3170 566 3231 de
583 3178 720 3253 Vouyam‚
737 3191 791 3251 que
805 3171 934 3253 aquisivit
961 3193 978 3233 a
1006 3172 1083 3234 dom⁰
1102 3178 1221 3252 Hugone

140 3263 284 3339 Richardi,
308 3265 392 3328 videl.
412 3266 525 3328 domum
549 3287 626 3329 suam
645 3268 680 3330 de
703 3268 799 3330 hlenio
822 3268 985 3331 reddibilem
1004 3281 1033 3330 et
1049 3268 1141 3330 omnia
1167 3285 1222 3347 que

138 3373 217 3423 tenet
231 3361 334 3424 ibidem
344 3376 366 3425 ².
704 3420 709 3428 ,
1225 3416 1229 3421 .

178 3460 248 3537 841.
269 3467 349 3536 Item,
374 3463 460 3543 quod.
483 3463 695 3525 instrumentum
720 3464 797 3545 publ.
821 3465 953 3546 scriptum
987 3483 1070 3525 manu
1089 3461 1222 3524 Iohannis

138 3558 239 3621 notarii
257 3558 331 3619 domi
348 3559 534 3640 imperatoris,
556 3561 611 3622 sub
637 3581 710 3622 anno
738 3561 791 3624 uni
808 3569 1021 3637 IlI⁰CC⁰LX⁰V⁰,
1033 3561 1117 3623 indic.
1137 3573 1221 3634 vura,
1245 3644 1247 3648 Ι

140 3656 184 3718 die
201 3675 220 3716 u
235 3670 354 3722 exeunte
368 3678 463 3721 mense
483 3659 604 3739 augusti,
630 3659 777 3721 continens
803 3659 1026 3741 recognicionem
1048 3659 1149 3721 factam
1171 3677 1224 3739 per

142 3753 317 3816 Guillelmum
342 3755 471 3817 Ruboudi
495 3756 640 3818 Guillelmo
662 3755 785 3832 hurucii,
810 3756 845 3818 de
866 3757 952 3837 quod.
978 3768 1058 3838 prato
1074 3755 1149 3836 quod
1164 3755 1225 3837 ipse

142 3851 254 3914 tenebat
260 3851 288 3913 in
296 3852 493 3915 mandamento
507 3843 610 3916 Montis
623 3853 744 3929 Bonodi,
756 3872 807 3934 pro
818 3872 873 3934 quo
882 3853 1069 3919 confitebatur
1080 3871 1111 3915 se
1120 3851 1225 3915 debere

147 3966 154 4008 r
167 3950 314 4013 sestarium
329 3949 386 4029 uini
400 3950 472 4032 puri.

182 4116 204 4166 I.
219 4099 259 4164 E'rt
273 4126 306 4163 m.
325 4103 359 4162 It.
376 4104 410 4161 It.
426 4104 457 4160 de
474 4105 507 4159 T.
524 4082 570 4177 pro
585 4110 651 4157 terra
666 4067 739 4174 quam
754 4101 828 4159 habet
847 4100 870 4157 in
892 4101 1066 4159 mandamento
1084 4103 1121 4156 M.
1139 4101 1170 4155 B.
1192 4130 1225 4139 -

152 4195 172 4234 r.
188 4183 225 4236 En
239 4199 272 4236 m.
289 4176 415 4250 Oysencii,
437 4177 490 4232 Noa
504 4171 704 4231 reddibilit'atem.

1070 4263 1103 4306 Io
