2716 4784
588 382 767 459 ..443-

138 514 267 577 Albertus
291 533 343 595 pro
369 513 488 575 indiviso
511 532 573 577 cum
587 513 648 594 ipso
665 513 813 596 Rodulpho
827 513 856 575 in
867 513 954 576 domo
970 513 1103 577 fortalicii
1123 515 1210 577 nonu

140 613 241 689 Fortis,
253 612 281 674 in
294 613 439 693 parrochia
452 612 487 674 de
498 613 596 674 Crollis
609 626 636 675 et
651 613 781 695 quicquid
808 612 930 676 habebat
941 633 958 675 a
970 613 1034 675 rivo
1049 613 1085 676 de
1100 613 1210 676 remu

139 730 226 792 usque
241 712 275 771 ad
294 711 383 772 rivum
407 710 442 771 de
458 709 556 771 Crollis
571 724 599 772 et
614 708 650 771 ab
674 717 760 772 Ysera
774 729 862 791 usque
878 710 913 772 ad
932 710 1095 772 sumitatem
1112 709 1208 772 montis.

179 827 248 890 900.
265 815 344 884 ltem,
360 808 444 890 qued.
464 808 558 870 lietera
577 808 612 870 ab
630 806 739 871 olhciali
761 807 974 888 Gracionopolis
996 821 1138 885 emanata,
1153 827 1210 870 con-

137 905 229 969 tinens
246 906 485 983 vidimuscujusd.
508 905 585 987 publ.
613 906 799 982 instrumenti,
818 906 920 987 scripta
935 919 965 968 ut
989 906 1020 969 in
1046 926 1082 969 eo
1107 905 1209 967 vidimus

138 1003 237 1085 legitur
251 1024 333 1066 manu
344 1003 473 1066 Anthonii
487 1004 578 1086 Chays
590 1004 701 1079 notarii,
732 1003 783 1066 sub
812 1023 885 1066 anno
901 1005 955 1066 Diri
972 1010 1206 1080 M⁰CC⁰LXXXI⁰,

139 1101 183 1163 die
198 1102 292 1164 martis
306 1101 334 1162 in
350 1102 421 1164 festo
430 1101 457 1163 b¹
470 1102 604 1163 iohannis
615 1101 751 1183 Baptiste,
766 1101 910 1164 continens
923 1102 1021 1183 plures
1029 1102 1207 1184 requisitiones

138 1197 225 1260 lactas
242 1217 292 1279 per
306 1198 381 1260 dom.
400 1198 549 1280 bayllivum
567 1198 747 1279 Dalphinatus
767 1211 794 1260 et
814 1198 890 1260 dom.
905 1197 1048 1261 decanum
1069 1198 1207 1282 Graciono-

138 1294 209 1374 polis
218 1313 301 1375 super
318 1294 498 1375 expedicione
512 1308 539 1357 et
554 1294 714 1357 redditione
730 1294 812 1357 castri
827 1295 862 1357 de
881 1296 1055 1372 Bucurione,
1075 1296 1207 1359 continent

139 1391 225 1452 eciam
240 1391 464 1472 recognicionem
482 1391 517 1452 de
531 1392 606 1454 dicto
619 1405 710 1455 castro
724 1412 775 1474 per
792 1399 906 1455 Petrum
918 1394 956 1456 de
969 1393 1139 1456 Bucurione.

179 1505 247 1567 901.
267 1495 346 1564 Item,
366 1488 451 1569 quod.
466 1488 543 1568 publ.
562 1488 773 1552 instrumentum
798 1489 931 1571 scriptum
956 1509 1043 1552 manu
1066 1489 1140 1553 Petri
1153 1488 1207 1551 Clo·-

139 1582 299 1666 cheyronis,
318 1585 370 1646 sub
385 1603 459 1646 anno
485 1585 538 1646 Diri
557 1591 732 1662 M0CCC⁰V⁰,
759 1586 804 1647 die
818 1578 882 1647 lune
898 1600 963 1668 post
975 1586 1080 1649 festum
1099 1580 1209 1648 Penthe

140 1696 243 1758 costes,
271 1682 416 1745 continens
440 1682 514 1762 quod
541 1683 670 1762 Guigona
695 1682 790 1744 relicta
808 1683 883 1745 Petri
910 1683 1018 1746 Ferrati
1043 1683 1079 1746 de
1102 1681 1217 1765 Theysiu'

139 1779 264 1842 vendidit
279 1787 363 1842 Petro
381 1779 520 1855 Viennesii
536 1779 636 1861 quosd.
653 1799 753 1843 census
768 1792 914 1842 contentos
924 1779 953 1842 in
970 1779 1049 1843 dicto
1061 1780 1160 1856 insuu,
1172 1777 1209 1860 qui

141 1877 330 1958 percipiuntur
344 1878 372 1939 in
386 1877 582 1939 mandamento
596 1877 698 1939 Montis
712 1877 830 1939 Bonodi.

181 1993 250 2056 90²·
274 1982 353 2050 Item,
380 1975 467 2056 quod.
493 1974 570 2055 publ.
596 1975 807 2037 instrumentum
830 1974 873 2056 (ut
899 1974 984 2055 844),
1004 1973 1113 2037 diem
1132 1992 1208 2036 mens.

140 2072 244 2153 aprilis,
264 2072 409 2133 continens
438 2072 596 2152 homagium
626 2071 720 2152 ligium
746 2072 891 2153 prestitum
914 2072 993 2133 d0m⁰
1017 2071 1149 2152 dalphino
1170 2087 1211 2150 per

140 2168 261 2229 nobilem
274 2175 285 2227 J
290 2181 464 2248 aquemetum
476 2168 511 2228 de
526 2168 697 2244 Bossozello,
707 2168 848 2230 dominum
857 2169 892 2229 de
901 2167 996 2244 Geria,
1007 2167 1211 2250 etrecognicio·

140 2285 204 2327 nem
221 2284 271 2345 per
288 2265 406 2326 eundem
423 2264 523 2327 factam
537 2265 572 2326 de
583 2265 685 2327 vicaria
698 2287 780 2347 quam
795 2279 872 2329 tenet
888 2264 964 2346 apud
978 2265 1209 2347 Gracionopolim,

141 2362 242 2424 dictam
257 2362 292 2423 de
303 2362 396 2438 Geria,
412 2376 440 2424 et
454 2362 619 2444 generaliter
628 2363 759 2446 quiequid
775 2378 852 2426 tenet
865 2375 893 2426 et
906 2362 1035 2444 possidet
1043 2364 1115 2426 inira
1129 2380 1212 2426 muros
1242 2430 1246 2439 ,

141 2459 363 2541 Gracionopolis.
687 2545 689 2549 ι
1231 2534 1235 2547 .

180 2578 248 2639 903.
276 2566 354 2635 Item,
374 2558 460 2640 quod.
477 2557 554 2639 publ.
570 2559 781 2622 instrumentum
799 2559 931 2640 scriptum
948 2579 1035 2642 manu
1054 2559 1130 2622 Petri
1145 2557 1213 2621 uuil-

139 2654 223 2731 lelmi,
241 2656 292 2718 sub
307 2676 380 2718 anno
412 2656 466 2717 Dhi
497 2662 727 2733 M0CC⁰XXXV⁰,
739 2657 1069 2737 xn0kalend.febroarii,
1080 2657 1214 2719 continens

140 2753 332 2814 vendicionem
346 2754 446 2816 factam
464 2773 515 2834 per
529 2761 642 2816 Petrum
665 2755 700 2817 de
725 2755 840 2817 Molario
859 2754 979 2816 Berlioni
993 2754 1030 2816 de
1049 2761 1213 2817 castronovo

140 2851 176 2913 de
191 2870 230 2912 nu
246 2852 327 2913 solid.
340 2851 475 2914 Viennen.
492 2871 592 2915 census
605 2872 674 2934 quos
689 2853 779 2916 eidem
795 2852 914 2915 faciebat
927 2853 1071 2916 lohannes
1087 2850 1214 2915 Hunberti

141 2961 169 3010 et
187 2947 286 3028 parerii
304 2949 357 3010 sui.

180 3062 248 3125 904.
267 3051 346 3123 Item,
365 3047 451 3127 quod.
475 3048 552 3128 publ.
569 3048 781 3110 instrumentum
796 3047 839 3129 (ut
853 3046 937 3129 886),
958 3045 1109 3109 continens
1124 3044 1215 3107 homa·

140 3141 214 3224 gium
236 3141 330 3223 ligium
350 3143 494 3225 prestitum
509 3146 589 3207 domo
606 3145 737 3227 dalphino
752 3165 803 3227 per
818 3145 978 3229 Aynardum
993 3143 1105 3208 Veteris
1122 3157 1150 3206 et
1164 3155 1216 3204 tet·

127 3259 282 3320 mlntlme..

180 3357 249 3423 905.
275 3346 354 3413 hem,
381 3338 467 3419 quod.
494 3339 572 3420 publ.
596 3340 808 3404 instrumentum
836 3340 968 3421 scriptum
998 3359 1085 3401 manu
1115 3337 1215 3399 Thone

140 3436 261 3500 Grevelli
277 3435 388 3512 notarii,
404 3435 455 3497 sub
468 3456 541 3498 anno
559 3438 612 3499 oni
628 3445 884 3513 M⁰CC0LXXV110,
901 3436 946 3498 die
961 3437 1027 3498 lune
1042 3449 1109 3498 ante
1123 3435 1213 3497 festum

140 3535 166 3596 b¹
182 3533 289 3595 Thome
305 3532 454 3612 appostoli,
475 3534 620 3596 continens
637 3535 722 3616 quod.
744 3542 908 3614 Hugonetus
925 3534 1073 3616 Reynaudi
1096 3529 1214 3595 vendidit

142 3631 264 3693 Sibouclo
277 3630 312 3692 de
329 3637 514 3707 castronovo,
530 3632 573 3693 cui
588 3632 699 3694 domina
713 3631 857 3707 successit,
873 3630 1003 3711 quicquid
1020 3630 1090 3709 juris
1102 3628 1212 3692 habebat

140 3725 168 3786 in
182 3726 334 3806 parrochiis
352 3728 445 3790 Sancti
463 3729 584 3805 Nazarii,
600 3730 635 3792 de
647 3730 774 3811 Cleymes
791 3742 818 3790 et
826 3729 860 3790 de
870 3728 1059 3808 Bregnin0,et
1067 3726 1211 3808 specialiter

140 3825 235 3884 xxluu
257 3825 373 3887 sestaria
401 3825 558 3908 aur(dei?),
576 3845 614 3887 xv
628 3827 743 3908 gallinas
758 3845 858 3887 census
874 3838 902 3887 et
923 3825 997 3887 circa
1020 3827 1110 3887 fflprx
1130 3825 1209 3886 fosso·

141 3932 215 3981 ratas
230 3920 312 3984 vinee
324 3937 352 3986 et
366 3923 513 4004 quemdam
530 3924 650 3986 celerum
674 3938 702 3987 et
721 3943 818 3985 omnes
830 3923 955 3985 homines
969 3942 1042 4004 quos
1058 3923 1176 3985 habebat
1186 3919 1207 3980 in

142 4016 222 4079 dictis
234 4018 396 4097 parrochiis,
411 4021 501 4101 pretio
513 4039 530 4082 c
543 4035 571 4082 et
580 4039 637 4082 xvu
652 4021 746 4083 librar.
764 4040 790 4081 rx
801 4019 882 4082 solid.
900 4055 938 4066 -
951 4019 1020 4102 906.
1035 4027 1117 4098 Item,
1132 4014 1203 4101 quod.

141 4115 178 4177 al.
194 4115 271 4197 publ.
287 4116 498 4180 instrumentum
515 4118 647 4199 scriptum
660 4117 816 4181 manudicti
831 4117 1069 4180 ThomeGrevelli
1083 4117 1135 4180 sub
1146 4130 1203 4178 anno
