2716 4784
587 444 627 456 -
652 428 706 489 ¹44
725 442 765 457 .-

139 542 175 606 de
187 543 257 606 Vivo
270 542 314 605 vel
325 542 352 603 in
363 555 423 604 toto
435 542 574 604 territorio
588 542 624 604 de
637 543 708 605 Vivo
720 561 808 623 usque
822 542 856 603 ad
870 555 961 604 metas
986 541 1145 604 dividentes
1162 556 1205 603 ter-

139 639 264 702 ritorium
277 639 339 701 vivi
354 660 370 701 a
385 639 525 701 territorio
539 639 622 701 castri
639 639 749 716 Varcie,
765 658 820 700 una
836 632 1050 700 cum'omn'ibus
1064 653 1094 701 et
1109 639 1204 720 singulis

138 736 297 798 hominibus
311 750 339 798 et
351 736 486 817 homagiis
498 736 650 812 hominum,
669 756 740 818 quos
754 750 782 800 et
797 755 852 818 que
870 736 945 799 idem
958 737 1039 798 dom.
1060 736 1204 816 Rodulphus

139 834 260 917 habebat
272 855 320 897 seu
336 835 435 916 quibus
447 834 576 897 utebatur
589 849 715 915 tempore
725 834 821 897 mortis
831 853 880 896 sue
893 833 965 896 inha
981 835 1078 896 villam
1090 834 1126 896 de
1137 833 1202 907 Vivo,

139 947 203 995 sunt
223 946 250 994 et
270 933 353 1013 pleno
367 933 426 1012 jure
438 933 539 995 cedant
555 946 582 994 et
595 932 751 1012 pertineant
774 931 885 994 racione
902 931 1060 994 amicabilis
1081 930 1204 1011 composi-

139 1030 226 1092 cionis
240 1029 376 1111 presentis
389 1029 479 1091 eidem
491 1029 567 1091 dom.
584 1027 715 1110 dalphino
731 1041 759 1090 et
782 1028 849 1105 suis,
866 1047 920 1089 una
932 1027 1029 1110 (cum)
1043 1028 1167 1090 omnibus
1183 1039 1203 1088 et

138 1128 254 1210 singulis
269 1128 426 1190 hominibus
441 1142 469 1190 et
483 1129 624 1190 hominum
637 1127 772 1209 homagiis
784 1147 838 1208 que
852 1141 948 1189 tenere
962 1127 1073 1190 debent
1087 1127 1122 1188 de
1136 1125 1203 1188 leudo

139 1239 168 1288 et
189 1225 313 1287 dominio
337 1225 529 1305 Dalphinatus,
556 1225 679 1306 aquisitis
703 1225 807 1286 dudum
835 1224 880 1286 vel
902 1224 954 1286 sibi
979 1224 1147 1305 apropriatis
1165 1241 1203 1303 per

138 1323 227 1404 ipsum
244 1319 319 1383 dom.
339 1321 527 1402 Rodulphum‚
546 1321 695 1403 dequibus
712 1321 785 1384 idem
803 1321 879 1383 dom.
898 1321 1069 1403 Rodulphus
1087 1340 1140 1383 non
1152 1320 1203 1381 lue·

139 1419 174 1481 rit
191 1419 311 1500 legitime
330 1432 453 1480 retentus
475 1439 525 1500 per
542 1419 645 1480 dictum
669 1419 745 1480 dom.
771 1419 941 1501 dalphinum,
965 1420 1005 1482 ita
1026 1419 1105 1500 quod
1129 1418 1203 1479 dictus

140 1522 240 1577 Petrus
262 1534 318 1576 non
346 1528 474 1576 teneatur
494 1515 529 1576 de
553 1516 644 1596 aliqua
664 1515 802 1578 evictione
817 1515 862 1593 ,de
886 1515 1020 1596 predictis
1043 1515 1120 1578 dicto
1132 1514 1201 1603 dom.

138 1612 282 1694 dalphino,
305 1625 333 1674 et
352 1612 402 1673 luit
418 1612 630 1691 pronunciatum
647 1612 723 1692 quod
740 1612 832 1674 omnia
846 1611 972 1694 predicta
986 1613 1023 1674 de
1044 1611 1142 1694 quibus
1156 1622 1203 1672 erat

138 1709 328 1771 controversia
340 1709 412 1770 inter
426 1708 501 1789 ipsos
517 1721 679 1771 remaneant
692 1709 767 1770 dicto
779 1708 891 1770 domino
908 1708 1094 1790 Morgiarum.

179 1805 212 1884 83
223 1824 279 1868 r·2.
299 1811 378 1879 ltem,
395 1804 450 1866 duo
474 1804 551 1886 publ.
570 1805 751 1866 instrumenta
767 1805 795 1866 in
810 1805 906 1867 eadem
922 1806 995 1886 pelle
1011 1806 1127 1886 scripta,
1143 1822 1203 1885 quo·

138 1922 198 1966 rurn
218 1902 336 1983 primurn
360 1901 491 1982 scriptum
509 1916 551 1963 est
566 1921 649 1962 manu
681 1901 755 1963 Petri
779 1901 903 1963 sichardi
929 1903 965 1963 de
990 1902 1070 1964 Valle
1088 1899 1202 1980 Navigio,

139 2015 167 2063 et
182 2001 334 2063 secundum
349 2019 417 2061 vero
434 2018 515 2060 manu
532 2001 607 2061 Petri
624 1997 731 2061 Macelli
745 2001 915 2062 notariorum
929 1999 1051 2080 public„
1071 1999 1152 2062 videl.
1168 2005 1203 2058 Ι11ῃῖ

33 2146 39 2156 .
139 2117 212 2159 anno
231 2098 284 2159 Dr'ri
301 2103 497 2173 M⁰CCC⁰XL0‚
522 2097 617 2160 indict.
646 2116 707 2173 vrn,
727 2097 771 2158 die
785 2110 867 2159 xx111³
880 2098 983 2159 mensis
1001 2097 1108 2177 aprilis,
1120 2113 1204 2158 secun·

139 2193 204 2256 dum
219 2212 286 2254 vero
301 2192 345 2254 die
358 2193 451 2255 ultima
459 2194 560 2255 mensis
571 2194 697 2275 predicti,
710 2194 878 2256 continentia
890 2194 1105 2274 requisicionem
1116 2194 1202 2255 factam

138 2289 253 2352 domino
262 2309 313 2370 per
327 2290 523 2352 comunitatem
536 2291 599 2352 ville
617 2291 651 2352 de
670 2291 774 2365 visilia,
787 2292 995 2371 parrochiarum
1013 2292 1050 2353 de
1072 2291 1201 2365 Mesatico,

139 2387 175 2451 de
188 2389 292 2462 Bretio,
310 2388 403 2450 Sancti
422 2388 552 2468 Stephani
567 2388 602 2449 de
615 2388 709 2464 lairia,
727 2389 820 2450 Sancti
835 2389 947 2469 Georgii
962 2402 991 2450 et
1008 2388 1203 2451 Sanctilohan·

138 2485 181 2547 nis
195 2486 230 2548 de
242 2486 318 2549 Valle
333 2485 462 2567 Navigio,
492 2502 546 2565 que
574 2486 756 2547 comunitates
775 2485 939 2547 unanimiter
964 2484 1132 2547 remiserunt
1141 2482 1202 2544 dicto

138 2584 251 2647 domino
278 2599 306 2647 et
331 2584 387 2646 suis
404 2584 495 2645 omnia
511 2584 582 2645 male
602 2583 694 2645 ablata
709 2597 736 2646 et
751 2597 859 2647 extorta
874 2583 909 2645 ab
926 2583 977 2659 eis,
997 2598 1083 2664 prout
1096 2585 1124 2644 in
1136 2578 1202 2642 dictis

138 2680 235 2744 instr‘¹⁸
248 2681 356 2761 plenius
376 2681 543 2765 continetur.
574 2715 610 2725 -
641 2681 708 2759 833.
729 2687 808 2754 Item,
830 2680 914 2761 ¹quod
941 2680 978 2741 al.
1003 2680 1202 2742 instrumentum

139 2797 222 2838 manu
236 2776 303 2838 dict.
321 2776 491 2838 notariorum
506 2789 536 2837 et
552 2795 636 2856 super
658 2776 756 2838 eodem
779 2777 852 2838 lacto
873 2779 1039 2839 concessum
1056 2795 1107 2857 per
1124 2775 1203 2858 plures

139 2873 299 2936 sacerdotes
313 2873 378 2934 dicti
392 2873 589 2949 mandamenti,
606 2886 633 2935 et
647 2874 733 2935 eciam
747 2861 904 2936 continetur
916 2872 951 2935 de
964 2874 1098 2936 monetis.

181 2970 249 3047 834.
272 2976 352 3046 ltem,
367 2969 452 3049 quod.
484 2970 694 3032 instrumentum
712 2969 789 3050 publ.
805 2970 938 3051 scriptum
954 2990 1039 3032 manu
1063 2969 1163 3032 hiberti
1175 2966 1203 3027 de

141 3066 252 3147 Brayda
275 3065 372 3127 notarii
399 3066 476 3147 publ.
509 3067 560 3129 sub
581 3087 654 3128 anno
678 3059 731 3129 Dr'ti
757 3065 1204 3146 M0CC⁰XC⁰1111⁰‚diemercurii

139 3177 246 3241 sancta,
264 3163 408 3226 continens
430 3165 587 3244 homagium
611 3165 704 3245 ligium
731 3179 759 3227 et
775 3165 934 3228 fidelitatem
949 3165 1106 3250 prestitam,
1120 3184 1205 3228 sacra-

139 3274 262 3324 mentum
279 3261 330 3323 sub
344 3261 430 3342 pactis
445 3275 472 3323 et
487 3261 696 3323 condicionibus
716 3262 743 3323 in
760 3262 835 3324 dicto
854 3258 944 3324 instro
958 3265 1111 3341 contentis,
1130 3260 1204 3324 videl.

138 3378 189 3439 per
202 3359 372 3420 Paneionum
389 3359 424 3419 de
437 3358 564 3439 Chiglino
580 3358 754 3421 domicellum
769 3360 849 3421 domo
866 3373 962 3438 nostro
972 3360 1118 3442 dalphino.

89 3530 92 3535 Ι
180 3456 213 3534 83
224 3475 248 3536 5.
266 3463 344 3531 ltem,
359 3455 445 3535 quod.
462 3455 539 3535 publ.
556 3455 767 3517 instrumentum
785 3456 916 3537 scriptum
931 3475 1014 3517 manu
1031 3457 1164 3539 Aymonis
1177 3454 1206 3515 de

140 3554 299 3615 Tomafollo
313 3552 411 3614 notarii
428 3553 504 3633 publ.
524 3553 575 3615 sub
598 3573 672 3615 auno
688 3555 741 3617 Dr'ri
757 3560 985 3630 M⁰CC0XC⁰V10‚
999 3554 1089 3618 indic.
1107 3553 1206 3631 11²,die

139 3650 266 3712 mercurii
279 3663 343 3713 ante
366 3650 465 3712 festum
484 3651 695 3727 penthecostes,
709 3651 855 3713 continens
871 3651 1057 3714 donacionem
1074 3653 1170 3716 tactam
1182 3650 1205 3710 in

138 3760 315 3827 augmentum
328 3748 402 3809 feudi
412 3747 448 3808 ill¹
462 3747 579 3829 principi
595 3748 673 3809 dom⁰
692 3748 836 3810 Hunberto
851 3748 982 3830 dalphino
1002 3749 1153 3812 Viennensi
1165 3763 1205 3827 per

138 3843 224 3905 venl·
237 3843 312 3905 viros
326 3845 402 3906 dom.
420 3843 625 3927 uluitlelmum)
642 3843 677 3906 de
691 3845 835 3922 comeriis,
848 3844 984 3908 decanum
1002 3848 1122 3910 ecclesie
1132 3853 1204 3908 Beate

139 3935 226 4002 Marie
245 3941 460 4023 Grationopolis,
479 3957 507 4004 et
527 3942 620 4021 plures
643 3942 793 4004 canonicos
816 3956 844 4004 et
861 3941 1014 4024 capitulum
1028 3943 1132 4006 ibidem
1145 3957 1202 4003 con-

138 4036 256 4118 gregati,
275 4037 310 4099 de
327 4057 464 4101 consensu
488 4051 516 4099 et
533 4039 674 4102 voluntate
692 4039 801 4102 revfflin
815 4038 913 4120 Xpisto
925 4038 1012 4120 patris
1027 4038 1106 4101 dom.
1122 4033 1200 4116 onl-

138 4132 226 4215 lelmi)
239 4132 312 4196 dicte
326 4135 442 4198 ecclesie
466 4134 600 4216 episcopi,
625 4136 711 4198 videl.
727 4137 763 4199 de
781 4150 884 4214 castro,
901 4137 1101 4200 mandamento
1111 4150 1137 4200 et
1146 4151 1199 4216 per·
