2716 4784
56 523 129 583 dom¹
145 523 309 585 Viennensis
320 524 458 604 dalphini;
478 525 622 587 continens
639 526 720 587 etiam
734 525 921 588 retencionem
936 539 964 587 et
977 527 1132 588 investitio-

54 639 117 680 nem
132 639 203 700 quas
215 619 341 682 iecerunt
352 620 388 681 de
405 620 530 701 predicto
553 621 637 683 feudo
662 622 738 684 dom.
766 622 965 704 H(umbertus)
987 622 1132 703 dalphinus
1167 692 1178 705 ‚

54 716 128 778 bone
142 716 275 778 memorie
287 729 315 778 et
331 716 409 778 doma
420 724 498 778 Anna
513 736 628 780 consors
643 718 765 799 dalphini
778 718 953 794 Viennensis,
970 731 999 780 et
1008 720 1134 799 recogni-

53 814 159 876 tionem
171 827 199 875 et
214 814 374 895 homagium
390 815 479 876 iactos
492 814 623 894 predictis
645 815 722 876 dom⁰
737 815 867 896 delphino
882 815 983 894 eteius
998 816 1131 891 consorti,

55 924 82 972 et
92 910 331 972 confirmationem
349 925 377 973 et
400 910 628 992 approbationem
656 911 757 972 factam
786 912 820 972 de
845 912 896 972 hiis
909 931 959 992 per
984 913 1132 992 capitulum

55 1008 121 1069 dicti
138 1007 300 1087 Hospitalis.-
314 1041 352 1051 —-
368 1014 435 1069 Item
456 1021 485 1068 et
498 1006 602 1087 quand.
625 1007 704 1069 aliam
720 1008 772 1068 sub
787 1009 886 1070 eodem
904 1028 977 1070 anno
990 1008 1132 1088 scriptam,

55 1103 274 1185 contine(n)tem
295 1102 531 1165 confirmationem
542 1117 572 1165 et
586 1103 815 1184 approbationem
835 1105 871 1166 de
886 1104 1017 1186 predictis
1029 1105 1136 1166 archie-

56 1202 164 1283 piscopi
188 1202 361 1279 Viennensis,
378 1189 487 1264 duobus
501 1201 596 1283 sigillis
610 1202 772 1264 auctenticis
786 1204 942 1284 sigillatam.

102 1319 168 1376 171.
188 1306 267 1374 Item,
284 1298 370 1380 quod.
385 1299 460 1359 aliud
473 1298 684 1361 instrumentum
710 1299 866 1360 conlectum
895 1319 977 1361 manu
992 1299 1135 1361 Alamandi

56 1395 91 1456 de
104 1393 281 1456 Bellovidere
289 1395 388 1457 notarii
401 1396 492 1476 publ,
505 1396 556 1458 sub
571 1416 644 1458 anno
661 1403 799 1457 incarnat.
815 1397 1133 1470 unim⁰cc⁰1u1xxvl⁰‚
1163 1453 1166 1457 .

56 1491 154 1552 indict.
180 1510 252 1566 xurr,
268 1491 313 1553 die
327 1491 391 1553 lune
407 1482 704 1572 ante'Camisprivium
726 1512 843 1570 novum,
870 1512 965 1555 mense
982 1494 1134 1564 febroario,

57 1588 132 1669 apud
164 1594 293 1650 Sanctum
323 1596 472 1666 Donatum,
504 1590 649 1651 continens
687 1588 864 1650 donationem
885 1589 972 1650 'castri
997 1589 1031 1649 de
1059 1596 1137 1668 Rupe

58 1685 136 1747 Forti
150 1685 447 1766 factamper{Petrum
468 1685 574 1761 Pilosii,
597 1684 739 1746 domnum
769 1686 855 1766 Rupis
883 1685 984 1759 Fortis,
1001 1684 1036 1746 de
1062 1685 1137 1746 dicto

58 1795 152 1843 castro
167 1801 229 1844 cum
242 1783 370 1845 omnibus
386 1783 442 1845 suis
455 1782 629 1864 pertinentiis
643 1795 671 1843 et
680 1782 839 1843 omnimoda
852 1781 1038 1859 juridictione,
1062 1781 1138 1843 illus-

57 1879 92 1939 tri
104 1878 222 1958 principi
236 1878 312 1939 dom.
334 1880 488 1940 Humberto
502 1879 633 1959 dalphino
643 1892 709 1941 tunc
725 1879 799 1940 bone
810 1878 952 1953 memorie,
974 1878 1094 1957 presenti
1111 1891 1139 1939 et
1215 1884 1216 1888 ’

58 1974 204 2061 recipienti
230 1988 258 2036 et
272 1976 467 2037 auctorizantis
481 1975 592 2037 nomine
614 1994 665 2036 suo
684 1988 712 2037 et
738 1974 872 2037 heredum
896 1988 923 2036 et
947 1992 1138 2036 successorum

59 2090 186 2148 suorum,
203 2072 275 2133 facta
288 2072 381 2135 debita
397 2072 580 2134 insinuatione
598 2091 694 2134 eorum
722 2072 783 2152 ipso
814 2072 889 2134 dom.
920 2072 1050 2152 dalphino
1065 2086 1139 2134 tam-

60 2190 144 2251 quam
160 2189 253 2231 coram
278 2170 369 2248 judice
396 2170 576 2252 competenti,
592 2169 667 2251 quod
682 2182 803 2232 castrum
818 2184 847 2231 et
860 2169 952 2230 omnia
979 2170 1139 2250 supradicta

61 2268 154 2329 dictus
172 2266 290 2328 donator
304 2286 335 2329 se
355 2268 496 2330 constituit
524 2266 668 2348 possidere
694 2266 805 2327 nomine
834 2265 899 2327 dicti
914 2264 988 2326 dom.
1020 2265 1141 2346 dalphini

61 2366 154 2428 donec
170 2385 266 2427 eorum
279 2366 483 2447 possessionem
505 2364 744 2446 apprehendisset.
878 2376 881 2382 ·

106 2481 174 2541 ¹7²·
193 2470 272 2539 ltem,
288 2464 345 2525 duo
357 2463 467 2544 publica
477 2463 658 2524 instrumenta
670 2459 750 2523 simul
760 2479 897 2535 connexa,
916 2460 1043 2521 conlecta
1059 2478 1142 2519 manu

63 2556 191 2623 Plisiindi
206 2560 305 2622 notarii
319 2561 410 2641 publ,
422 2560 592 2622 continentia
606 2558 731 2621 redditus
745 2577 815 2639 quos
827 2557 904 2618 dom.
917 2556 1062 2636 dalphinus
1074 2576 1147 2644 per-

61 2659 128 2740 cipit
141 2658 171 2720 in
183 2671 276 2720 castro
292 2657 417 2727 devalle
436 2673 465 2720 et
478 2658 548 2721 Ville
564 2657 688 2736 Urbane.

17 2764 19 2768 '
105 2775 174 2834 ¹73·
193 2764 271 2832 ltem‚
288 2757 392 2837 quand.
409 2776 522 2837 paruam
537 2755 644 2818 literam
658 2755 778 2836 quodam
793 2773 895 2834 magno
912 2752 1000 2832 sigillo
1022 2753 1049 2813 in
1077 2773 1145 2832 pen·

63 2854 139 2915 denti
157 2853 315 2934 sigillatam,
331 2853 383 2915 sub
396 2873 469 2915 anno
488 2853 759 2928 oniu⁰cc.xv11⁰,
778 2870 872 2912 mense
887 2870 981 2933 mayo,
997 2849 1145 2912 continen-

63 2966 119 3013 tem
134 2950 211 3032 quod
222 2949 299 3011 dom.
320 2949 466 3030 dalphinus
479 2949 617 3013 concessit
642 2946 814 3009 lenutamde
838 2955 992 3028 Moyrenco
1018 2946 1144 3008 villelmo

65 3047 236 3110 Chamllardi
255 3065 306 3128 pro
321 3067 339 3107 v
355 3047 435 3108 solid.
452 3046 628 3109 censualibus
644 3059 789 3127 perpetuo.
1127 3048 1129 3053 ’

110 3150 276 3225 1741tem,
304 3143 391 3225 quod.
416 3142 491 3204 aliud
518 3143 729 3205 instrumentum
755 3142 888 3222 scriptum
911 3160 994 3202 manu
1022 3140 1146 3203 Durandi

69 3240 196 3304 Ynnardi
213 3239 312 3301 notarii
329 3239 407 3320 publ.
420 3240 471 3301 sub
487 3240 560 3300 anno
578 3241 630 3300 uni
644 3245 884 3313 M⁰CC0LXXVI⁰‚
900 3237 997 3299 indict.
1021 3250 1085 3312 uua,
1106 3250 1152 3296 vie·

67 3339 113 3401 die
137 3338 241 3400 mensis
270 3336 391 3419 augusti,
410 3337 555 3399 continens
576 3337 806 3418 permutationem
825 3335 926 3396 factam
952 3334 988 3416 de
1005 3345 1096 3397 castro
1112 3333 1148 3394 de
1239 3324 1248 3337 '

69 3443 225 3518 Moyrenco
238 3447 266 3496 et
282 3434 478 3496 mandamento
492 3434 578 3514 ipsius
594 3448 622 3496 et
637 3435 672 3496 de
686 3434 776 3496 feudis
787 3433 822 3494 de
838 3439 939 3494 Sancto
954 3430 1148 3515 Qintino,.de

71 3532 149 3613 Ripis
163 3544 191 3592 et
203 3530 248 3592 del
264 3537 374 3614 Vemey
389 3546 417 3595 et
430 3531 602 3614 pertinentiis
616 3530 789 3606 eorumdem,
820 3548 869 3610 per
884 3529 960 3589 dom.
992 3526 1147 3589 Guidonem

69 3628 105 3691 de
116 3627 238 3701 Tollino,
255 3626 373 3690 condam
387 3629 527 3690 dominum
543 3627 626 3690 castri
637 3627 754 3707 predicti
769 3625 804 3688 de
820 3633 972 3706 Moyrenco
989 3637 1017 3685 et
1030 3623 1148 3705 predict.

69 3724 229 3801 feudorum,
248 3724 284 3786 ab
306 3744 361 3786 una
381 3740 458 3806 parte
482 3740 512 3787 et
532 3726 608 3796 dom.
638 3722 822 3805 B(eatricem)
844 3722 879 3782 de
905 3720 1021 3797 Vienna,
1046 3722 1152 3784 Vienne

70 3836 98 3884 et
120 3820 235 3883 Albonis
259 3821 438 3897 comitissam,
469 3822 646 3902 recipientem
671 3821 742 3881 vice·
757 3833 785 3880 et
799 3817 909 3880 nomine
930 3816 1003 3878 domi
1020 3819 1151 3880 iohannis

70 3917 195 3998 dalphini
208 3916 255 3978 lilii
269 3917 322 3993 sui,
339 3918 375 3980 de
385 3932 463 3999 parte
479 3939 560 3999 quam
573 3918 647 3980 idem
667 3918 743 3979 dom.
759 3916 899 3978 Johannes
911 3915 1031 3977 habebat
1042 3915 1071 3976 in
1087 3935 1152 3976 cas-

69 4029 115 4078 tro
131 4027 160 4075 et
187 4013 382 4077 mandamento
398 4016 432 4077 de
460 4015 579 4091 Tollino,
600 4015 639 4075 sic
668 4014 741 4094 quod
768 4013 803 4074 de
831 4025 909 4093 parte
938 4011 1062 4092 predicta
1086 4009 1152 4070 dicti

68 4112 156 4175 castri
174 4111 209 4172 de
224 4112 332 4181 Tollino
345 4113 395 4174 fuit
408 4114 479 4175 facta
493 4105 658 4193 permutatio
674 4111 813 4174 antedicta
828 4130 836 4188 3
860 4111 925 4173 item
947 4109 1071 4172 continet
1083 4107 1149 4169 dict.
