2716 4784
687 386 864 449 ..500-

283 522 367 599 ¹578·
384 526 464 595 ltern,
474 518 561 600 quod.
571 517 649 599 publ.
663 516 874 579 instrumentum
886 516 930 597 (ur
945 516 1051 599 1556),
1064 514 1306 579 contineruhone

231 618 310 699 glum
320 617 413 697 ligium
427 617 463 677 de
475 634 593 697 persona
608 614 751 694 prestitum
761 612 797 673 ill¹
811 612 928 694 principi
938 612 1020 675 dom.
1042 612 1205 675 llumberto
1215 610 1308 693 ‹1an

235 735 274 779 no
289 716 437 777 viennensi
455 733 505 795 per
529 714 675 775 Girsrdum
689 712 775 774 hlium
798 711 917 773 condam
933 712 1100 795 Raymundi
1118 710 1159 775 dc
1171 710 1309 775 contient

236 811 422 877 terminum...

283 926 367 990 ¹579·
395 915 474 983 Item,
510 907 597 989 quod.
623 905 700 987 publ.
735 906 946 969 instrumentum
978 904 1028 987 (ut
1046 904 1160 989 1564),
1184 906 1310 971 coutimur

237 1006 395 1087 homagium
422 1006 516 1085 ligium
542 1006 686 1085 prestitum
717 1004 798 1065 dom⁰
824 1002 983 1065 llumberto
1010 1002 1155 1085 delphino
1181 1004 1310 1069 Vienna

238 1124 289 1187 per
304 1104 449 1165 Rouletum
464 1102 499 1163 de
514 1102 635 1187 Thoyria
649 1102 825 1166 domicellum
836 1116 864 1165 et
873 1100 1024 1165 terminum
1035 1101 1152 1183 assign.
1164 1102 1309 1167 comunis...

284 1202 402 1280 1580-a.
424 1206 503 1273 Item,
518 1198 574 1260 duo
591 1199 668 1279 publ.
686 1200 869 1262 instrumenta
882 1198 909 1259 in
920 1198 1022 1261 eadem
1033 1198 1114 1279 pelle
1129 1200 1311 1283 scriptnmuut

242 1296 350 1357 Rouleti
363 1294 462 1373 Pugini
471 1295 569 1355 notarii
580 1296 657 1375 publ.
673 1296 725 1357 sub
739 1316 812 1357 anno
824 1296 877 1357 Diri
889 1296 1312 1375 M⁰CCC⁰XXX1X⁰,continett·

238 1390 375 1453 ciavidel.
399 1390 516 1471 primum
531 1392 732 1454 confessionem
748 1392 821 1454 dom'
849 1392 1007 1475 haymondi
1029 1392 1069 1455 de
1094 1394 1206 1457 Thoria
1223 1392 1310 1467 militis,

237 1502 305 1551 tunc
317 1490 457 1551 castellani
471 1490 553 1551 castri
567 1491 603 1553 de
615 1490 718 1566 Credo,
734 1492 781 1571 qui
793 1489 937 1553 confessus
946 1490 999 1551 luit
1010 1510 1044 1553 se
1058 1490 1200 1555 habuisse
1211 1504 1311 1555 etrecs·

241 1586 316 1667 pisse
329 1606 380 1667 pro
394 1602 498 1650 arrestu
508 1587 630 1668 computi
637 1588 680 1649 sui
691 1588 756 1649 dicti
766 1588 848 1651 castri
858 1608 874 1649 a
885 1586 1091 1651 bartholomeo
1101 1588 1234 1667 Asinarii,
1244 1594 1312 1649 Lun-

239 1682 328 1746 bardo
345 1683 499 1746 habitatore
517 1685 632 1765 Ruppis,
649 1685 775 1748 solvente
792 1684 904 1747 nomine
925 1684 1001 1745 dom'
1026 1685 1185 1749 Humberti
1207 1684 1310 1767 dolphiu'

239 1780 413 1855 Viennensis,
430 1784 593 1842 nummus,
609 1781 692 1844 libras
702 1800 759 1843 svn
776 1781 857 1843 solid.
877 1800 896 1843 n
906 1781 1006 1843 denar.
1019 1794 1051 1845 et
1058 1782 1144 1845 obol.
1162 1784 1308 1848 Gebennen.

239 1878 275 1939 tle
289 1877 389 1959 quibus
396 1878 463 1939 dict.
479 1878 619 1939 dominum
628 1878 710 1940 solvit
718 1892 745 1939 et
752 1878 868 1959 quitavit
881 1898 889 1955 ;
903 1892 931 1940 et
944 1878 1106 1941 secundum
1117 1878 1310 1963 continetquol

239 1974 338 2035 nobilis
351 1975 426 2037 dom.
446 1976 614 2037 Mumbertus
628 1976 664 2037 de
678 1975 800 2059 Thoyria
814 1975 903 2052 miles,
919 1989 985 2038 tunc
999 1976 1180 2042 castellanus
1194 1976 1310 2042 confide

242 2072 420 2151 Fucigniaco,
439 2073 582 2135 confessus
601 2072 651 2135 luit
669 2072 798 2133 habuisse
821 2092 837 2133 a
862 2072 937 2133 dicto
963 2073 1176 2137 Bartholomeo
1202 2073 1309 2137 solvente

241 2186 297 2249 quo
323 2187 405 2248 supra
433 2171 544 2233 nomine
569 2190 621 2252 pro
647 2185 722 2233 resta
737 2170 860 2251 computi
874 2170 916 2231 sui
932 2170 998 2233 dicti
1015 2172 1105 2233 castri
1123 2174 1308 2236 nonnum,

241 2265 325 2327 libras
338 2284 366 2325 vr
383 2264 464 2327 solid.
479 2286 507 2327 rx
517 2268 613 2330 denar.
630 2281 658 2330 et
670 2268 747 2332 obol.
763 2267 871 2330 Gebcn.
887 2266 1038 2348 dequibus
1052 2269 1143 2333 solvit
1157 2267 1310 2353 etquittuuit

242 2361 361 2441 predict.
374 2361 527 2425 dominum.

289 2459 372 2535 1581.
391 2466 469 2536 ttem,
490 2460 576 2541 quod.
592 2460 669 2541 publ.
692 2460 903 2524 instrumentum
919 2461 1055 2543 scripturn
1078 2484 1170 2529 manu
1189 2472 1268 2529 Mun.
1280 2462 1310 2525 tle

244 2561 338 2617 Monte
352 2563 431 2631 Joco,
445 2556 497 2618 sub
513 2576 587 2618 anno
604 2558 656 2618 uni
670 2562 906 2633 MocccoxxMo,
922 2558 967 2621 die
980 2578 1048 2623 xxix
1077 2563 1190 2637 mensis
1201 2576 1312 2645 septem-

239 2652 308 2727 bris,
323 2654 467 2715 continens
476 2654 551 2734 quod
564 2654 640 2715 dom.
659 2654 792 2717 Girardus
807 2655 842 2717 de
857 2662 947 2717 Ponte
961 2656 1058 2720 vitreo
1082 2660 1170 2724 miles
1191 2674 1220 2723 et
1243 2658 1308 2720 doru.

240 2748 428 2831 Lant(elmus)
440 2750 542 2811 Boudri
552 2750 733 2830 iurisperitus,
742 2764 937 2831 procuratores
945 2752 1047 2816 nobilis
1057 2754 1140 2820 dom.
1152 2754 1311 2819 Annecisle

241 2844 407 2921 scubilione,
425 2846 563 2909 comitisse
578 2846 780 2923 Gebennensis,
792 2848 911 2911 conlessi
928 2848 1041 2913 luerunt
1059 2870 1092 2913 se
1118 2852 1252 2916 habuisse
1263 2870 1312 2915 no-

239 2940 313 3002 mine
326 2941 400 3003 dicte
416 2942 492 3003 dom.
508 2943 647 3005 comitisse
656 2944 692 3005 ab
702 2943 815 3006 Alberto
824 2944 860 3007 de
874 2946 995 3029 Brayda,
1006 2962 1199 3028 procuratore
1209 2950 1256 3013 itt·
1266 2947 1311 3010 vin·

239 3038 315 3102 dom.
333 3038 444 3099 Henrici
463 3038 600 3119 Delphini,
614 3039 694 3101 electi
720 3041 862 3117 Metensis‚
892 3043 1013 3123 regentis
1025 3044 1243 3126 Delphineturn,
1266 3064 1311 3127 pro

239 3136 321 3198 certis
341 3134 431 3197 causis
444 3135 529 3197 videl.
544 3144 570 3196 M
589 3137 671 3199 libras
685 3138 822 3200 bonorum
838 3138 1000 3203 Gebennen.
1012 3141 1049 3205 de
1062 3142 1171 3226 quibus
1184 3142 1310 3207 diendo·

238 3234 343 3297 minum
357 3233 431 3295 dicta
447 3232 559 3295 dominu
569 3235 650 3297 solvit
663 3236 773 3316 penitus
787 3249 815 3299 et
828 3236 972 3318 quictovit.

284 3332 367 3412 1582.
382 3336 462 3408 ltem,
479 3328 600 3411 quinque
614 3330 795 3395 instrumenta
803 3334 879 3415 publ.
890 3335 992 3415 scripta
998 3336 1027 3397 in
1036 3337 1311 3417 unnpellemonuto

238 3430 336 3492 hannis
348 3430 384 3492 de
395 3436 490 3490 Monte
500 3428 535 3489 de
553 3436 692 3513 Sescenny
705 3432 803 3494 notarii
813 3433 891 3513 publ.
903 3432 954 3496 sub
964 3451 1038 3495 anno
1050 3434 1308 3508 bni=M⁰cec⁰1Mn

236 3530 323 3593 indic.
335 3542 378 3604 ιν,
396 3527 503 3589 vn²die
518 3529 619 3591 mensis
632 3530 757 3608 ianuarii,
775 3532 944 3595 continentia
957 3532 1088 3615 homagia
1106 3534 1181 3617 ²ligia
1199 3532 1308 3617 prestltr

242 3644 292 3706 per
316 3625 393 3686 dom.
419 3624 592 3686 Guillelmum
609 3625 646 3687 de
666 3629 801 3710 voysurie
826 3628 949 3705 militem,
977 3634 1093 3692 Petrum
1121 3644 1153 3695 et
1172 3640 1308 3715 loquum

239 3722 276 3783 de
290 3721 417 3796 vosurie,
434 3721 627 3804 Raymondum
648 3723 683 3786 de
702 3724 845 3804 Cupillins,
863 3714 1057 3807 R'uymondum
1070 3724 1110 3789 tle
1125 3734 1212 3791 Muro
1227 3734 1308 3791 etlu-

241 3832 353 3899 quetum
368 3818 487 3881 Murchis
501 3818 614 3882 domino
626 3820 794 3903 Fucigniaci.

282 3916 365 3994 1583.
379 3924 458 3995 Men,
476 3931 595 4000 quatuor
607 3919 788 3981 instrumenta
799 3920 952 4000 scripta'in
967 3936 1022 3981 una
1032 3920 1112 4000 pelle
1129 3928 1306 4005 pargnnteltct

233 4030 320 4075 manu
333 4012 374 4093 (ut
385 4016 508 4097 proceri),
523 4030 566 4077 rua
583 4016 696 4078 kalend.·
712 4016 818 4093 marcii,
832 4015 1000 4080 continentis
1011 4016 1150 4100 homagia
1161 4018 1227 4105 ligio
1239 4036 1305 4102 pret·

236 4112 285 4173 tita
295 4110 372 4173 dom⁰
388 4112 498 4192 Mugoni
514 4114 650 4195 Delphini,
666 4115 780 4178 domino
795 4115 963 4198 Fucigniaci,
980 4134 1030 4197 per
1043 4124 1205 4199 hymonem
1228 4118 1303 4179 hlium
