2716 4784
639 278 657 312 Ι

603 381 761 458 ‘⁸3-

140 512 269 592 homagio
293 511 399 574 domini
432 513 617 589 clarimontis,
637 526 665 576 et
692 516 907 595 assignationem
936 517 1036 578 iactam
1062 518 1152 580 eidem
1164 537 1216 599 per
1298 551 1305 578 ι

140 610 282 673 dominum
296 611 333 673 de
352 613 579 693 recognoscendo
599 613 670 673 infra
684 627 789 675 certum
805 627 915 694 tempus
928 613 983 693 jam
1001 615 1108 695 lapsum
1127 618 1218 698 parti·

140 707 271 770 culariter
284 722 312 770 et
329 708 468 785 distincte,
483 709 640 771 confectum
653 708 705 770 sub
719 724 794 770 anno
810 711 864 771 Diti
879 716 1160 771 Moccc⁰xxxnnt

178 824 250 886 419.
268 813 348 881 Item,
364 806 449 886 qued.
468 806 545 868 litere
562 807 665 886 scripte
679 825 754 868 anno
770 806 824 868 oni
840 813 1079 879 M⁰CC⁰XLV111⁰,
1096 821 1136 868 rx¹
1146 807 1218 887 apri·

138 899 189 978 lis,
198 902 296 964 indict.
312 891 354 979 ut,
370 904 533 965 Innocentio
546 924 619 985 papa
635 911 702 964 11110
712 904 785 984 apud
801 904 966 984 Lugdunum
982 904 1127 980 existente,
1146 922 1218 965 con-

137 998 259 1061 tinentes
273 1000 431 1081 homagium
445 1013 474 1062 et
489 1001 707 1082 recognitionem
731 1001 814 1063 castri
830 1001 866 1062 de
889 1001 1025 1064 Scabeoio
1047 1000 1148 1064 iactam
1165 1020 1217 1081 per

137 1097 282 1160 Albertum
297 1112 326 1160 et
338 1096 514 1160 Lambertum
533 1099 661 1160 dominos
675 1097 740 1160 dieti
755 1098 808 1159 loci
831 1098 911 1159 dom⁰
929 1097 1061 1208 delphino
1083 1098 1119 1159 de
1142 1096 1217 1159 dicto

137 1206 233 1256 castro
248 1195 385 1269 Smbeoii,
396 1208 426 1258 et
437 1195 610 1257 continentes
622 1194 716 1275 plures
732 1195 876 1275 pactiones
890 1186 974 1276 prout
985 1194 1014 1257 in
1027 1196 1108 1258 dictis
1130 1196 1218 1258 iita'is

139 1292 309 1370 continetur,
324 1292 442 1374 sigillate
457 1294 539 1356 etiarn
547 1292 659 1358 duobus
672 1291 783 1372 sigiliis
776 1311 804 1354 ιιι
821 1293 963 1372 pendenti

178 1407 251 1467 420.
268 1397 348 1467 Item,
363 1391 450 1471 quod.
465 1390 628 1470 rescriptum
643 1389 825 1471 apostolicum
840 1389 914 1451 bulla
928 1389 1058 1470 plumbea
1071 1389 1215 1464 bullatum,

139 1486 255 1548 missum
269 1505 321 1567 per
333 1487 411 1549 dom.
428 1507 528 1568 papam
544 1486 713 1548 Clementem
728 1486 806 1546 dom⁰
820 1485 952 1565 delphino
969 1486 1129 1562 Viennensi,
1148 1506 1219 1549 con-

137 1582 233 1645 tinens
244 1575 387 1664 quomodo
402 1583 549 1646 refferebat
562 1580 639 1644 dom.
655 1602 728 1663 papa
740 1581 821 1642 domo
835 1582 966 1662 dalphino
979 1585 1054 1665 quod
1070 1585 1218 1666 Temptarii

140 1693 221 1742 erant
234 1681 336 1761 reperti
351 1682 475 1758 heretici,
490 1681 661 1766 abnegantes
677 1678 824 1741 Dominum
835 1693 960 1742 nostrum
969 1680 1080 1742 ihesum
1092 1681 1218 1762 xpistum

140 1791 168 1840 et
184 1763 270 1859 super
283 1797 394 1840 crucem
405 1779 463 1858 ejus
471 1791 635 1859 expuentes,
652 1790 680 1838 et
692 1795 775 1856 quam
791 1775 909 1856 plurima
921 1777 1043 1857 pessima
1067 1778 1158 1839 celera
1168 1796 1219 1839 co·

140 1871 275 1937 miserant
287 1875 316 1937 in
331 1875 542 1938 detestationem
552 1873 617 1935 fidei
632 1872 787 1953 Xpistiane,
816 1885 900 1952 prout
909 1874 1030 1935 confessi
1058 1887 1139 1935 erant
1160 1887 1219 1935 tam

141 1972 262 2051 majores
286 1993 368 2054 quam
395 1972 519 2033 minimi¹
550 1971 616 2032 dicti
640 1969 745 2032 ordinis
777 1989 871 2031 coram
896 1969 1081 2033 cardinaiibus
1112 1971 1148 2031 ad
1167 1971 1220 2033 hec

123 2074 128 2084 '
140 2087 192 2149 per
204 2068 286 2130 heca
305 2069 372 2131 sede
383 2069 535 2149 apostolica
557 2067 691 2148 delegatis
721 2079 749 2128 et
773 2066 834 2128 aliis
864 2066 1073 2148 inquisitoribus
1097 2068 1220 2131 heretice

139 2165 296 2244 pravitatis,
308 2185 394 2246 quare
410 2165 559 2227 mandabat
574 2164 664 2226 dictus
674 2163 751 2225 dom.
761 2183 834 2244 papa
848 2164 924 2227 dicto
941 2154 1019 2239 dom,
1043 2165 1176 2246 dalphino
1185 2179 1221 2227 ut

141 2283 240 2325 omnes
253 2263 402 2344 ‘templarii
414 2282 471 2325 non
482 2263 556 2343 capti
568 2263 596 2323 in
612 2275 687 2323 terra
703 2281 753 2322 sua
763 2273 932 2340 caperentur
946 2274 968 2322 ².
1225 2246 1233 2255 ’

180 2379 253 2440 421.
271 2367 350 2437 Item,
369 2360 455 2441 quod.
469 2352 681 2422 instrumentum
698 2358 930 2438 scriptummanu
944 2357 1048 2419 Alberti
1060 2358 1097 2420 de
1110 2359 1220 2441 Brayda
1309 2407 1311 2412 ,

140 2457 242 2520 notarii
254 2457 347 2538 pubi,
378 2457 430 2519 sub
460 2477 534 2519 anno
564 2456 618 2518 Drii
645 2461 860 2530 M⁰CC⁰XC.V⁰,
884 2456 912 2516 in
934 2455 1028 2535 vigilia
1037 2455 1119 2517 beate
1134 2457 1222 2518 Marie

142 2555 337 2636 magdalenes,
355 2555 500 2617 continens
519 2555 595 2636 quod
622 2553 722 2616 nobilis
747 2554 790 2614 vir
802 2553 923 2614 Guiotus
936 2553 1064 2614 dominus
1082 2554 1221 2616 Tumonis

142 2651 309 2732 recognovit
321 2670 352 2713 se
365 2664 461 2714 tenere
471 2665 499 2713 et
512 2652 727 2732 predecessores
743 2669 808 2712 suos
822 2649 944 2711 tenuisse
958 2649 1051 2712 viliam
1074 2649 1110 2712 de
1122 2650 1221 2712 Tincto

142 2767 207 2809 cum
222 2761 283 2810 toto
305 2747 456 2823 territorio,
471 2747 646 2826 juridictione
667 2745 827 2808 omnimoda
852 2760 879 2807 et
904 2745 1031 2807 omnibus
1045 2745 1222 2826 pertinenciis

142 2843 199 2906 suis
210 2843 241 2904 in
269 2843 383 2905 feudum
403 2844 527 2906 francum
551 2864 567 2904 a
597 2842 679 2904 domo
705 2842 860 2904 Humberto
882 2841 1013 2922 dalphino
1032 2843 1180 2905 Viennensi
1194 2857 1223 2906 et

143 2940 260 3003 bibonis
273 2941 385 3017 comite,
411 2961 462 3022 pro
490 2961 546 3022 quo
564 2940 649 3003 feudo
672 2939 738 3001 iecit
759 2939 917 3020 homagium
931 2939 1026 3021 ligium
1040 2954 1068 3002 et
1082 2939 1222 3004 fidelitatis

144 3039 266 3119 prestitit
275 3052 457 3117 iuramentum
472 3039 546 3101 dicto
561 3039 637 3102 dom.
657 3038 800 3118 dalphino,
815 3038 893 3099 salvo
908 3037 1038 3119 homagio
1062 3039 1136 3101 dom¹
1147 3039 1223 3167 regis

145 3136 275 3198 Francis.

183 3247 256 3308 422.
276 3237 356 3305 item,
385 3230 470 3312 qued.
490 3231 569 3292 litera
582 3229 707 3292 officialis
722 3231 858 3292 viennen
881 3193 985 3312 scripta
1003 3232 1056 3294 sub
1080 3249 1154 3293 anno
1169 3230 1222 3292 Diri

146 3333 247 3400 M⁰CC⁰
251 3333 405 3389 LXXV1110
424 3340 452 3389 et
475 3327 564 3389 tribus
592 3318 688 3408 sigillis
702 3327 830 3408 sigillata,
845 3328 991 3390 continens
1003 3327 1224 3435 quandamcon-

143 3423 269 3486 cordiam
283 3423 403 3485 factam
395 3437 468 3485 mter
477 3423 607 3486 abbatem
627 3424 720 3486 Sancti
732 3425 843 3486 Andree
854 3437 882 3486 et
899 3437 1053 3489 conventus
1064 3423 1123 3502 ejus
1136 3423 1223 3485 Vien-
1272 3457 1275 3462 ,

142 3520 240 3583 nensis
257 3534 285 3582 et
296 3520 399 3582 nobilis
413 3521 465 3583 viri
481 3521 620 3583 Drodonis
628 3521 734 3582 domini
754 3520 910 3595 Bellivisus,
928 3540 1011 3601 super
1025 3539 1059 3582 eo
1074 3520 1150 3601 quod
1162 3520 1223 3601 ipso

142 3618 299 3682 Drodonus
312 3620 455 3681 confessus
470 3619 520 3680 iuit
534 3619 610 3699 quod
629 3618 755 3680 homines
769 3617 924 3681 habitantes
935 3617 966 3679 in
992 3615 1180 3698 Castanephet
1192 3613 1233 3680 in

141 3724 276 3799 Veysons
283 3715 313 3776 in
325 3715 522 3777 mandamento
535 3717 571 3777 de
589 3714 775 3785 Bellovidere,
788 3714 927 3778 videte.
941 3712 1224 3786 Charboneilipblumss
1248 3746 1251 3752 ·

138 3815 243 3876 bertus
265 3812 301 3873 de
314 3812 391 3874 Creis
403 3825 431 3874 et
446 3812 539 3892 plures
553 3812 598 3874 alii
616 3810 743 3872 homines
758 3809 874 3873 indicta
883 3810 969 3875 litera
985 3810 1131 3886 nominati,
1139 3823 1224 3877 mant

182 4040 262 4095 r.Aa
278 4037 441 4096 minores.-
458 4056 482 4095 ιι
498 4032 542 4094 En
551 4057 584 4096 m.
607 4041 654 4094 Aa
653 4037 765 4119 Copiate
777 4028 895 4094 suntiste
906 3968 1085 4094 {maseth
1040 4030 1223 4113 buiebhpaies

130 4115 164 4172 in
181 4059 251 4167 iibro
265 4107 411 4166 intitulato:
426 4109 492 4166 Liber
502 4127 574 4183 super
583 4109 701 4183 aliquibus
713 4107 858 4182 rogatibus
873 4108 1020 4168 ammaum
1034 4108 1211 4170 cretensem·
