2716 4784
518 375 676 450 -<,3..

57 501 207 565 Viennensi
224 520 255 565 se
269 519 332 565 esse
344 515 372 565 et
385 501 457 564 velle
470 521 532 564 esse
548 502 687 565 hominem
708 504 802 585 ligium
816 517 880 567 ante
892 523 990 567 omnes
1006 505 1134 566 domitios

55 598 143 679 ipsius
150 599 230 660 dom.
248 598 382 679 dalphini,
400 599 507 661 ratione
521 599 636 663 baronie
647 615 721 662 terre
734 601 830 663 Turris
841 621 893 682 pro
908 602 1011 665 eastris·
1020 601 1135 664 Bellivi-

56 716 104 758 sus
119 708 148 758 et
165 695 255 758 Pineti
280 708 309 758 et
324 715 420 758 eorum
434 696 647 771 mandamentis,
673 697 758 760 videl.
783 712 902 760 castrum
930 699 1075 761 Bellivisus
1098 699 1135 761 ad

56 794 171 857 feudum
186 794 331 856 franehum
343 808 373 858 et
388 808 509 857 castrum
523 795 614 857 Pineti
630 796 777 873 reddibile,
793 809 821 859 et
843 796 962 877 homagii
979 796 1135 877 prestacio-

56 910 121 962 nem
131 910 184 972 pro
198 890 341 971 predictis.

101 1006 168 1067 323.
204 995 283 1065 Item,
310 989 395 1070 qued.
420 988 515 1051 lietera
543 989 663 1070 quodam
680 988 770 1070 sigillo
798 988 976 1069 impendenti
1004 989 1132 1071 sigillata,

57 1086 162 1167 scripta
177 1085 229 1148 sub
243 1105 317 1150 anno
335 1086 424 1149 Dirice
449 1092 557 1149 Incarn.
578 1088 802 1161 mulcxxxvu,
821 1095 852 1146 ιι0
873 1086 935 1149 idus
947 1087 1051 1168 aprilis,
1064 1106 1136 1149 con-

55 1183 148 1245 tinens
162 1183 237 1264 quod
251 1183 327 1246 dom.
346 1178 508 1245 Guillelmus
522 1183 557 1245 de
574 1182 725 1258 Bellovisu,
752 1182 836 1244 frater
862 1181 935 1248 domi
955 1184 1079 1266 Syboudi
1100 1184 1136 1245 de

59 1279 211 1356 Bellovisu,
238 1279 315 1342 dedit
331 1280 487 1342 donacione
503 1268 575 1342 inter
596 1280 676 1342 vivos
693 1278 768 1342 dicto
790 1279 926 1361 Syboudo
946 1293 975 1342 et
990 1280 1136 1343 Guillelmo

57 1377 117 1455 ejus
130 1375 189 1438 filio
201 1376 335 1458 quidquid
349 1376 416 1456 iuris
430 1376 550 1450 habebat
560 1376 589 1438 in
601 1376 749 1439 medietate
762 1376 845 1439 castri
864 1376 900 1438 de
912 1377 1011 1439 Pineto
1026 1376 1137 1456 juridic-

56 1472 285 1553 tionisejusdem.

102 1588 169 1650 324.
188 1579 267 1648 Item,
292 1571 377 1653 qued.
396 1571 485 1633 littera
500 1570 616 1652 sigillata
636 1571 666 1632 in
681 1571 812 1652 pendenti
834 1574 955 1652 quodam
969 1571 1070 1652 sigillo,
1085 1570 1137 1633 sub

59 1687 133 1730 anno
165 1675 274 1731 Incam.
306 1669 359 1730 uni
382 1675 614 1744 M⁰CC⁰IIXIIII⁰,
635 1668 780 1730 continens
796 1667 872 1748 quod
892 1667 968 1728 dom.
992 1665 1138 1746 dalphinus

59 1764 137 1827 dedit
151 1764 279 1846 Philippo
288 1778 321 1826 et
336 1765 474 1827 Ademaro
488 1779 516 1827 et
530 1765 689 1828 Guichardo
708 1765 841 1844 quasdam
858 1764 1048 1844 possessiones
1069 1782 1138 1843 quas

59 1861 177 1924 tenebat
188 1862 224 1924 ad
239 1881 350 1924 manum
365 1882 443 1924 suam
455 1862 483 1923 in
503 1862 587 1942 podio
599 1862 635 1924 de
651 1868 740 1922 cruce
769 1874 797 1923 et
813 1862 841 1922 in
870 1861 954 1941 podio
978 1861 1013 1922 de
1043 1868 1138 1923 Monte

61 1957 178 2035 Cuchie,
196 1958 225 2019 in
238 1958 377 2021 territorio
388 1959 456 2021 Albe
473 1959 572 2039 Rippe,
591 1959 626 2019 ad
641 1977 755 2021 censum
767 1976 806 2018 xu
821 1957 917 2018 denar.

104 2073 172 2134 325.
190 2062 269 2130 Item,
288 2055 374 2137 quod.
390 2056 600 2118 instrumentum
613 2055 747 2136 scripturn
757 2073 839 2115 manu
858 2054 966 2115 Martini
981 2055 1017 2117 de
1032 2055 1137 2130 Remis,

60 2167 134 2214 anno
154 2150 208 2213 Dr'ri
229 2152 513 2233 M⁰(CC⁰)LIIIIIIII⁰,
529 2151 675 2214 continens
686 2150 761 2231 quod
778 2150 857 2211 doma
872 2157 950 2225 Anna
976 2151 1140 2213 Viennensis

47 2248 205 2331 dalphina,
221 2248 343 2311 existens
366 2249 439 2329 apud
452 2255 615 2323 Rometam,
634 2247 806 2328 presentavit
822 2247 975 2309 senescallo
992 2249 1139 2311 Provincie

61 2368 113 2428 pro
128 2347 209 2409 dom⁰
223 2364 290 2426 rege
307 2345 407 2408 carulo
423 2345 460 2407 de
479 2344 531 2406 hiis
546 2344 740 2424 omnibusque
753 2342 867 2406 tenebat
883 2357 962 2424 pater
975 2363 1042 2406 suus
1055 2345 1090 2407 ab
1105 2365 1140 2407 eo

62 2443 88 2504 in
100 2443 235 2505 comitatu
244 2443 349 2504 Fouch.
373 2455 379 2484 ι
401 2442 494 2515 facere
506 2441 730 2521 recognicionem
747 2453 775 2502 et
791 2440 961 2521 homagium.
1055 2477 1062 2485 -

104 2541 172 2619 326.
193 2547 273 2615 Item,
287 2539 374 2619 quod.
388 2539 599 2601 instrumentum
616 2538 750 2618 scriptum
761 2557 844 2598 manu
864 2538 986 2619 magistri
1007 2539 1140 2620 aymonis

63 2638 98 2708 de
123 2637 234 2699 Viriaco
262 2636 362 2698 notarii
385 2634 476 2717 publ,
506 2635 559 2698 sub
573 2654 646 2696 anno
678 2634 731 2697 Diri
760 2637 970 2711 m⁰110Lxx11⁰,
996 2635 1141 2699 continens

62 2735 138 2816 quod
154 2735 232 2797 dom.
258 2734 400 2796 Amardus
423 2732 544 2808 Guelini,
573 2732 702 2795 dominus
718 2731 823 2812 Ruppis
845 2732 987 2808 Chinardi,
1009 2746 1038 2795 et
1062 2733 1140 2795 dom²

65 2832 210 2896 Issabella
224 2831 283 2912 eius
297 2850 367 2894 uxor
380 2831 566 2894 vendiderunt
580 2843 687 2911 partem
705 2849 786 2910 quam
804 2829 944 2893 habebant
957 2830 984 2892 in
1001 2844 1092 2894 castro
1107 2833 1142 2894 de

66 2927 143 2990 Bello
160 2934 299 3007 Respecto
309 2941 338 2990 et
348 2927 376 2989 in
391 2928 597 3002 mandamento,
614 2927 692 2990 dom⁰
709 2927 828 2989 Beatrici
842 2928 948 2990 vienne
977 2943 1005 2991 et
1029 2928 1142 2993 Albonis

65 3025 218 3100 comitisse,
235 3026 465 3106 recognoscendo
479 3026 554 3108 quod
584 3025 667 3088 nichil
681 3024 751 3104 juris
776 3024 916 3102 habebant
941 3024 969 3086 in
985 3026 1142 3088 summitate

65 3123 132 3186 dicti
151 3121 247 3198 castri,
261 3123 339 3202 cuius
353 3124 436 3186 castri
449 3123 673 3185 mandamentum
688 3122 770 3185 durat
784 3122 820 3184 ab
841 3141 896 3184 una
913 3135 993 3202 parte
1006 3113 1141 3204 usquead

64 3240 166 3302 aquarn
179 3227 249 3282 Ysse
263 3233 292 3282 et
304 3220 339 3284 ab
356 3220 408 3283 alia
425 3240 512 3301 usque
536 3220 572 3281 ad
589 3219 734 3283 Pissanum
751 3233 779 3281 et
791 3219 827 3282 ab
844 3219 897 3282 alia
912 3239 1000 3300 usque
1013 3219 1048 3280 ad
1061 3238 1142 3280 man-

66 3318 226 3380 damentum
237 3316 386 3380 Ostuduni.
792 3382 795 3387 ,
836 3367 840 3372 ,

110 3433 177 3494 327.
195 3421 274 3489 Item,
301 3414 385 3494 qued.
398 3442 400 3446 ⁴
413 3413 503 3476 littera
526 3413 600 3475 dom¹
616 3412 762 3475 Humberti
778 3412 900 3494 dalphini
931 3411 1094 3474 Viennensis
1114 3424 1143 3498 et

66 3511 145 3575 dome
163 3518 242 3573 Anne
255 3511 315 3591 ejus
328 3510 433 3586 uxoris,
453 3510 555 3591 scripta
571 3509 623 3573 sub
636 3530 709 3573 anno
726 3509 779 3571 Dr'ri
796 3511 1031 3583 mulcuxxxtu,
1052 3508 1144 3571 conti-

66 3628 137 3672 nens
152 3608 228 3690 quod
245 3607 298 3688 ipsi
311 3607 445 3688 conjuges
460 3606 663 3669 confitebantur
676 3619 773 3669 tenere
792 3605 821 3667 in
837 3605 949 3666 feudum
963 3604 998 3665 ab
1012 3605 1143 3686 episcopo

65 3705 207 3768 aniciensi
224 3717 253 3767 et
267 3704 389 3767 tenuisse
419 3724 515 3766 eorum
532 3704 745 3784 predecessores
757 3721 774 3762 a
787 3701 1032 3787 predecessoribus
1057 3702 1144 3783 ipsius

67 3803 142 3864 doml
168 3801 292 3883 episcopi
308 3800 454 3863 canoniam
469 3800 586 3864 ecclesie
611 3806 696 3861 Beate
718 3798 805 3860 Marie
827 3797 991 3874 aniciensis,
1022 3798 1058 3860 de
1089 3818 1144 3880 qua

64 3901 127 3982 ipse
142 3912 172 3961 et
184 3912 376 3960 antecessores
393 3898 435 3959 sui
452 3897 563 3959 luerunt
579 3895 716 3968 canonici,
742 3895 807 3956 item
822 3915 859 3955 xv
883 3894 967 3956 libras
993 3895 1145 3956 Podienses

107 4119 129 4156 r.
146 4099 187 4154 Er
202 4115 235 4153 m.
251 4096 344 4153 Comit.
360 4095 523 4171 Foleaquerii.
