2716 4784
685 391 861 477 ..3ιὸ-

233 527 308 610 quod
323 526 478 594 Villiermus
491 524 529 588 de
542 525 635 606 Clays,
649 522 720 587 filius
732 523 805 587 dom¹
818 521 961 590 Amblardi
971 522 1006 585 de
1020 521 1104 603 Clays
1118 519 1220 596 militis,
1240 538 1312 585 ven-

233 623 302 693 uidit
324 623 416 690 odoni
427 621 582 696 Alamandi,
598 620 710 682 domino
728 619 811 683 castri
836 620 872 685 de
885 618 1009 700 Campis,
1025 618 1121 699 precio
1133 637 1199 684 xxvi
1213 617 1309 680 librar.

233 720 369 785 viennen.
386 738 471 785 omne
481 717 549 783 iuou
562 717 638 799 quod
647 717 708 798 ipae
722 717 884 786 habebetiu
897 717 970 781 valle
986 716 1189 781 vallisbonesii.

276 818 361 885 nilon.
381 824 415 879 lt.
444 815 482 882 al.
508 815 721 882 instrumentum
748 821 776 877 M
794 814 1081 879 11⁶XC⁰llll⁰iactum
1108 834 1158 896 per
1176 822 1312 878 Romeum

234 917 365 984 Mosnerii
378 917 530 992 notarium,
544 917 690 982 continens
707 915 782 997 quod
797 916 877 981 dom⁰
892 915 1011 996 Guigoni
1024 916 1180 991 Alamandi,
1199 917 1311 978 domino

232 1016 317 1080 Vallis
331 1015 454 1093 Bonesii,
464 1014 593 1094 homagia
603 1013 667 1094 ligia
683 1013 809 1076 iecerunt
824 1013 963 1075 lohannes
980 1013 1081 1075 Clareti
1098 1013 1133 1075 de
1149 1021 1267 1076 Deserto
1285 1029 1313 1078 et

234 1120 333 1178 Petrus
347 1112 449 1177 clareti
463 1112 499 1177 de
512 1111 595 1177 Clusa
608 1124 639 1173 et
651 1109 776 1176 homines
790 1110 927 1192 del-Faye
943 1123 970 1172 et
993 1111 1164 1173 lohannetus
1177 1111 1223 1172 del
1238 1119 1312 1194 Faye

232 1222 261 1272 et
290 1206 408 1272 Michael
435 1207 516 1270 Clara
529 1219 560 1269 et
571 1207 712 1270 lohannes
724 1206 770 1268 del
788 1213 892 1269 Faures
904 1220 932 1270 et
956 1207 1167 1271 Bartholomeus
1189 1216 1269 1271 Ponz
1286 1222 1313 1270 et

233 1306 392 1389 Peyrardus
403 1311 482 1367 Ponz
495 1317 523 1369 et
538 1303 699 1371 Guillelmus
715 1310 793 1367 Ponz
807 1318 835 1368 et
844 1304 965 1368 lacobus
974 1303 1045 1369 filius
1056 1305 1169 1367 Giraudi
1180 1306 1226 1367 del
1238 1313 1312 1388 Faye

232 1418 262 1471 et
271 1404 434 1469 Guillelmus
447 1402 519 1467 lilius
533 1403 609 1466 Petri
618 1402 741 1467 Audierii
751 1403 884 1466 condam.

253 1503 360 1568 1802.
386 1508 420 1565 lt.
451 1500 499 1582 qd.
528 1501 740 1567 instrumentum
770 1520 821 1582 per
842 1502 997 1565 iohannem
1021 1502 1146 1582 Bonagni
1173 1501 1312 1563 notarium

233 1601 416 1665 n11⁶1111¹¹v
426 1611 580 1679 receptum,
598 1599 744 1662 continens
758 1593 833 1680 quod
847 1599 1037 1661 Guillelmetus
1056 1599 1091 1660 de
1108 1597 1255 1680 Clayriaco
1269 1598 1313 1660 al-

230 1696 359 1778 bergavit
370 1694 569 1760 Lantermo-de
583 1701 685 1761 Sancto
701 1695 802 1759 Bonito
818 1695 994 1760 medietatem
1008 1696 1108 1758 domus
1122 1714 1173 1776 pro
1190 1693 1312 1756 indiviso

232 1815 314 1879 quam
332 1793 416 1857 habet
428 1793 457 1855 in
470 1792 581 1855 civitate
601 1793 821 1874 Gracionopolis,
842 1814 897 1875 que
919 1794 1018 1855 domus
1039 1793 1090 1855 sita
1104 1806 1147 1854 est
1167 1793 1245 1870 juxta
1259 1793 1313 1854 do-

233 1912 308 1957 mum
327 1891 400 1956 dom¹
421 1889 554 1971 delphini,
571 1909 622 1970 pro
639 1909 724 1953 censu
738 1909 831 1953 annuo
844 1910 901 1953 xxx
915 1891 996 1954 solid.
1008 1890 1144 1952 viennen.

249 2024 252 2029 ·
275 1990 411 2068 t803.1t.
429 1985 478 2068 qd.
495 1985 714 2066 appellacionem
734 2006 784 2068 pro
802 2001 881 2068 parte
902 1988 975 2049 dom¹
997 1986 1138 2066 'Guigonis
1153 1985 1310 2062 Alamandi,

232 2086 336 2150 domini
351 2083 553 2158 valisboneiin
577 2083 678 2147 iactam
697 2104 772 2147 enno
794 2091 945 2146 MCCCXV
958 2103 1053 2146 eoram
1068 2082 1312 2162 dom⁰.Rodulpho

233 2183 269 2246 de
285 2190 451 2265 lloyrenco,
471 2180 562 2260 judice
579 2181 684 2260 majore
700 2181 729 2244 in
752 2181 964 2264 Graysivodano
982 2181 1057 2243 dom'
1070 2179 1159 2240 nostri
1175 2179 1311 2258 dalphini,

232 2279 419 2342 continentem
434 2277 508 2359 quod
522 2277 646 2338 nonnulli
665 2278 791 2340 homines
816 2278 871 2359 ligii
895 2279 981 2358 ipsius
1010 2277 1082 2338 dom*
1111 2276 1249 2356 Guigonis
1263 2296 1313 2357 per

232 2376 336 2439 curiam
361 2374 481 2458 Oysenci
500 2376 611 2438 fuerunt
640 2376 848 2458 condempnati,
873 2375 908 2438 de
928 2375 1028 2457 quibus
1052 2373 1190 2436 sentiebat
1205 2393 1235 2435 se
1250 2395 1314 2454 gra-

232 2486 337 2538 vatum.

236 2612 240 2619 -
274 2572 358 2650 1804.
375 2579 408 2635 lt.
424 2572 474 2654 qd.
486 2572 697 2637 instrumentum
716 2589 791 2633 anno
804 2572 1014 2645 MJICLXXVI,
1031 2571 1175 2632 continens
1191 2570 1310 2651 quamd.

231 2671 412 2732 retentionem
430 2684 459 2733 et
481 2672 670 2735 investituram
700 2670 801 2732 iactam
829 2688 879 2749 per
912 2668 1086 2729 Guillelmum
1106 2669 1142 2731 de
1163 2670 1310 2750 Cleyriaco

232 2766 322 2831 Odoni
344 2768 502 2845 Alanandi,
517 2768 554 2830 de
566 2767 651 2851 quad.
667 2765 751 2828 domo
766 2764 817 2827 sita
830 2766 905 2845 apud
919 2765 1145 2846 Gratianopolim
1167 2766 1196 2826 in
1216 2766 1310 2846 platea

234 2871 320 2929 Beate
335 2864 431 2927 Marie.

150 3009 153 3016 ,
276 2961 360 3040 1805.
395 2967 427 3024 lt.
454 2960 502 3041 qd.
521 2960 731 3024 instrumentum
758 2962 905 3032 lllchXX
929 2959 1045 3035 iactum,
1071 2959 1217 3021 continens
1234 2960 1310 3040 quod

231 3057 420 3123 Guilelmetue
445 3056 517 3119 filius
532 3058 672 3138 quondam
687 3056 817 3120 Chaberti
845 3056 881 3117 de
907 3055 1052 3138 Clayriaco
1067 3055 1208 3118 investivit
1232 3056 1310 3117 dom.

196 3216 198 3220 ,
232 3154 401 3236 Stephanum
417 3154 452 3216 de
462 3154 636 3231 Gemellino,
648 3154 768 3235 priorem
775 3153 817 3215 de
827 3160 939 3233 Ruppe,
949 3153 1084 3216 sindicum
1097 3153 1210 3232 capituli
1221 3154 1313 3215 eccle-

231 3252 271 3317 tie
295 3259 381 3317 Beate
397 3253 483 3317 marie
512 3251 733 3333 Gracionopolis,
748 3251 861 3314 nomine
881 3251 1005 3331 ejusdem
1029 3251 1139 3332 capituli
1166 3250 1202 3312 de
1224 3250 1310 3330 quad.

230 3350 326 3426 domo,
355 3370 409 3433 que
429 3351 570 3432 quondam
584 3351 635 3413 luit
660 3348 777 3430 predicti
788 3347 931 3423 Chaberti,
958 3367 1008 3430 pro
1029 3367 1084 3410 xxx
1099 3347 1182 3410 solid.
1211 3366 1312 3412 census

230 3467 299 3530 quas
311 3446 381 3511 dict.
395 3447 551 3512 Chabertus
562 3448 705 3528 legaverat
720 3445 914 3511 anniversariis
940 3445 1015 3507 dicte
1038 3444 1167 3507 ecclesie.

249 3580 255 3595 ι
271 3544 358 3612 ³806.
375 3551 409 3607 lt.
425 3544 475 3626 qd.
491 3544 587 3610 lietera
602 3544 631 3607 in
649 3562 723 3606 anno
742 3545 865 3607 mucul
880 3543 963 3619 iacta,
979 3563 1034 3623 que
1056 3541 1179 3605 continet
1194 3543 1313 3622 qualiter

232 3642 310 3707 dom.
324 3640 505 3724 Raymondus
515 3641 554 3703 de
566 3639 777 3716 montealbano,
790 3639 921 3721 *dominus
945 3638 1148 3713 montismuri,
1160 3639 1314 3701 mandabat

230 3738 378 3800 Guillelmo
394 3737 566 3818 Margallani‚
583 3737 695 3799 mistrali
718 3737 791 3818 apud
808 3736 981 3812 Mesaticum,
999 3735 1074 3815 quod
1092 3753 1154 3797 cum
1172 3735 1234 3817 ipse
1246 3756 1313 3798 ven·

233 3834 440 3902 diurnatione
453 3835 574 3917 thigoni
585 3835 729 3901 Mamandi
743 3834 831 3916 (rm.)
1176 3912 1178 3916 y

175 3924 179 3931 ’
236 3990 240 3999 ,
275 3931 362 4008 1807.
394 3938 428 3997 lt.
446 3930 484 3997 al.
512 3931 725 3999 instrumentum
754 3938 782 3993 ll
799 3932 963 4013 llcllssxlvl
981 3931 1084 3996 factum
1104 3948 1155 4009 per
1172 3929 1310 3993 Thomam

230 4027 353 4090 Grevelli
365 4028 514 4104 notarium,
536 4029 681 4092 continens
703 4026 805 4109 (quod)
833 4028 995 4088 Nantelmus
1015 4026 1050 4088 de
1071 4025 1167 4087 Platea
1186 4025 1312 4087 vendidit

230 4125 321 4188 odoni
334 4125 489 4203 Alamandi,
505 4125 665 4196 dominode
681 4123 804 4204 campis,
814 4123 919 4204 quand.
936 4124 1048 4191 domum
1063 4123 1145 4211 sitam
1156 4122 1311 4191 incivitate
