2716 4784
595 396 632 411 -
658 361 771 427 ulla-

146 500 230 563 habet
240 497 364 561 indictis
387 494 540 578 parrochiis
554 493 702 569 seu'villis,
725 493 779 555 sub
795 510 870 555 anno
887 498 1002 555 lum.
1024 485 1083 551 Dal
1105 491 1209 549 H‘Coe

146 603 247 670 llvll⁰,
260 594 305 656 die
317 605 390 655 ιινιιο
403 591 506 654 mensis
522 589 688 665 decembris,
712 589 809 653 indict
823 601 856 650 ι’.

188 706 273 771 ¹⁰33·
292 699 371 765 rtem,
389 690 475 772 quod.
503 690 540 753 al.
568 685 843 767 instrumentum&
864 684 953 767 989),
975 681 1134 747 continens
1154 681 1211 763 qrol

145 810 242 856 omnes
255 803 283 855 et
292 788 393 870 singuli
403 786 511 851 nobiles
525 784 691 866 infrascripti
714 782 856 847 constituti
878 782 907 843 ia
921 779 1081 864 presencia
1096 777 1214 860 angoht
1258 776 1260 787 '

145 887 277 973 principis
290 887 368 949 dom.
387 883 533 949 llumbcrti
547 882 669 964 dalphini
681 880 856 957 Viennensis,
872 878 1038 961 stipulantis
1052 890 1084 941 et
1097 876 1214 958 recipien-

145 1002 181 1050 trs
191 1004 241 1066 pro
252 982 398 1057 seetsuis,
411 979 652 1044 conlessihrerunt
663 998 694 1041 se
708 996 770 1041 esse
782 975 1162 1057 hominesligiosdictidom.
1171 972 1214 1035 (lul

146 1079 233 1161 phini,
249 1077 333 1141 videl
348 1077 475 1158 homagia
490 1076 584 1158 ligigia
598 1075 777 1157 prestiterunt
788 1093 853 1137 cum
867 1074 1032 1154 juramento
1048 1071 1215 1137 fidelitatiset

147 1178 207 1242 aliis
220 1176 349 1240 clausulis
362 1174 484 1252 debitis3
499 1173 607 1237 nobiles
620 1190 688 1236 vero
703 1184 767 1236 sunt
781 1171 839 1235 hii:
856 1170 948 1253 primo
963 1169 1148 1234 Guiclrardos
1159 1175 1215 1231 veo

145 1274 214 1347 tule,
228 1273 292 1335 item
307 1271 453 1354 Aynardus
467 1269 615 1350 prepositi,
632 1269 664 1332 it.
678 1269 818 1333 lohannes
832 1266 989 1351 uyobardi,
999 1266 1036 1331 ir.
1050 1266 1215 1349 flugoueles

145 1368 219 1443 terii,
234 1369 265 1431 it.
278 1367 413 1431 Borchius
426 1367 462 1429 de
476 1374 578 1429 Sancta
600 1365 693 1441 lulita,
715 1366 747 1429 it.
764 1364 919 1429 Gulonetus
938 1362 1112 1439 Richarmo,
1127 1363 1214 1445 ithy-

147 1477 268 1527 maretus
289 1462 447 1540 Richcrmo,
473 1463 505 1526 it.
535 1470 640 1546 symon
654 1461 691 1525 de
707 1469 862 1544 voyssenc,
876 1461 908 1524 it.
927 1460 1114 1542 Guigonetus
1133 1466 1215 1523 Pasto-

148 1561 218 1637 relli,
232 1560 263 1625 it.
277 1562 417 1625 lohannes
438 1559 571 1637 charleti,
596 1560 628 1623 it.
647 1559 806 1643 symondus
820 1559 856 1622 de
871 1564 982 1634 serres,
998 1557 1033 1621 it.
1046 1555 1215 1623 sibertune

149 1658 225 1734 cols,
243 1657 275 1722 it.
288 1658 417 1722 hibertus
431 1657 523 1721 dictus
536 1657 631 1719 Gallar
645 1656 680 1719 de
692 1664 841 1740 voyssent,
857 1654 889 1718 it.
905 1654 1057 1719 Soliredus
1073 1655 1110 1719 de
1127 1661 1219 1749 Βιιγιιι

147 1756 180 1821 it.
196 1756 286 1838 Guigo
300 1762 410 1834 Caraz;
439 1755 591 1819 Guionetus
620 1754 717 1830 Bovis,
746 1754 931 1825 Humbettus,
945 1752 1105 1829 Bomonis,
1129 1768 1217 1833 parutis

146 1854 285 1915 lohannes
299 1852 334 1915 de
349 1852 451 1928 Insula,
468 1852 608 1914 lohannes
629 1851 667 1914 de
682 1852 784 1927 lnsula,
797 1851 873 1915 dom.
885 1849 980 1911 Guido
994 1849 1033 1912 de
1045 1855 1149 1913 Sancm
1163 1845 1216 1911 Tri-

149 1951 237 2028 verio,
252 1951 330 2013 dom.
347 1950 474 2012 Mattheus
486 1948 522 2010 de
541 1955 632 2031 Sayo,
645 1948 722 2013 dom
739 1947 882 2011 Henrisius
899 1954 991 2008 Laure
1006 1945 1057 2028 (en
1074 1967 1112 2010 m.
1127 1942 1216 2024 naue)

149 2048 238 2124 miles,
247 2046 408 2109 Gurllelmus
418 2047 454 2108 de
465 2045 578 2121 Chrnes
592 2045 669 2109 dom.
685 2045 814 2109 hibertus
833 2043 944 2118 vetule,
968 2051 1057 2126 Hugo
1075 2045 1114 2107 de
1132 2051 1218 2125 anay-

148 2144 239 2219 niaco‚
255 2142 424 2205 Humbertus
437 2142 473 2205 de
488 2141 617 2218 Briordo,
636 2142 810 2207 Guichardus
826 2141 928 2218 Fortis,
944 2140 1025 2207 dom.
1041 2138 1216 2226 hymarusde

151 2238 418 2321 Pusigniacomiles.

191 2357 276 2418 1034
293 2344 372 2414 ltem,
388 2337 475 2419 quod.
496 2336 533 2400 al
560 2336 771 2401 instrumentum
785 2336 918 2418 scriptum
940 2355 1028 2399 manu
1050 2335 1160 2419 ,alberti
1184 2333 1214 2394 tle

150 2436 260 2519 Brayda
289 2434 388 2497 notarii
410 2435 487 2516 publ.
512 2433 564 2497 sub
588 2453 662 2496 anno
688 2434 777 2499 Dirice
807 2443 917 2497 lncarn.
939 2439 1159 2508 M⁰CC⁰XC⁰V⁰,
1178 2430 1216 2491 die

149 2532 242 2595 martis
257 2546 321 2614 post
335 2532 449 2595 octabas
462 2531 537 2595 Petri
563 2546 591 2594 et
617 2531 706 2607 Pauli,
733 2531 879 2596 continens
898 2530 974 2612 quod
990 2531 1165 2593 lohannetus
1187 2526 1216 2588 de

151 2631 272 2713 nangiis,
301 2630 373 2693 lilius
401 2629 519 2693 condam
544 2628 618 2691 d0m¹
649 2629 797 2691 Humberti
825 2628 860 2691 de
884 2627 997 2709 Langiis
1024 2628 1133 2707 militis,
1157 2644 1218 2690 con-

148 2726 237 2788 fessus
246 2725 297 2788 luit
312 2745 342 2788 se
351 2739 446 2788 tenere
462 2725 498 2788 ab
507 2724 543 2787 ill
557 2739 585 2788 et
597 2725 743 2807 magnifico
757 2725 881 2807 principe
895 2725 974 2787 ἀοιιι0
992 2725 1153 2789 Humberto
1165 2722 1218 2785 dal·

148 2823 232 2903 phino
245 2822 392 2884 Viennensi
402 2835 490 2884 totum
506 2822 533 2884 id
542 2822 618 2905 quod
634 2823 759 2885 habetet
775 2822 899 2904 possidet
910 2821 985 2902 apud
1001 2822 1141 2904 Ciplozet
1154 2819 1217 2904 apud

150 2918 337 3000 siligniacum,
352 2918 436 2980 videl.
452 2938 490 2981 nv
504 2919 585 2982 solid.
601 2933 651 2982 etr
672 2919 816 2983 sestarium
836 2917 967 2983 lrumeoti
983 2918 1021 2981 de
1043 2919 1176 2995 servicio,
1195 2930 1218 2980 et

148 3016 222 3099 apud
238 3015 394 3079 Pouchiens
404 3035 450 3079 xvi
461 3017 542 3079 solid.
559 3016 595 3078 ab
607 3036 662 3079 una
678 3030 757 3098 parte
771 3029 799 3079 et
814 3036 852 3077 xu
868 3016 965 3078 denar.
983 3029 1012 3079 et
1025 3015 1100 3080 duas
1116 3028 1217 3098 partesr

147 3113 256 3175 bichete
272 3111 400 3174 frumenti
416 3126 444 3174 et
456 3112 524 3175 duas
538 3127 631 3195 partes
646 3113 681 3175 de
697 3133 736 3175 uu
750 3112 889 3196 meyteriis
904 3132 994 3174 avene
1011 3125 1040 3175 et
1068 3133 1088 3175 ιι
1114 3113 1218 3195 gallinas

148 3210 184 3279 tle
200 3209 328 3287 servicio,
347 3229 397 3291 pro
411 3230 465 3291 quo
478 3210 561 3273 leudo
576 3210 721 3273 idemloh.
736 3211 894 3292 homagium
909 3210 1004 3292 ligium
1017 3212 1142 3292 prestitit
1154 3210 1218 3272 dicto

148 3310 278 3391 dalphino
292 3322 320 3371 et
329 3307 472 3371 confessus
491 3309 542 3372 fuit
554 3308 636 3372 etiarn
650 3308 725 3390 quod
749 3307 908 3390 omniaque
924 3320 1005 3388 pater
1019 3328 1089 3371 suus
1105 3307 1216 3371 habebat

147 3419 226 3468 erant
234 3405 270 3468 de
282 3405 366 3467 feudo
374 3404 440 3467 dicti
453 3405 526 3467 dom¹
540 3405 626 3469 nostri
640 3405 772 3487 dalphini,
788 3417 989 3487 exceptaparte
1002 3425 1090 3487 quam
1104 3404 1216 3469 habebat

147 3503 176 3569 in
192 3503 276 3568 domo
300 3503 336 3565 de
356 3510 465 3584 Langes
483 3513 504 3566 ¹.

190 3618 274 3682 1035.
302 3607 381 3678 ltem,
410 3599 496 3682 quod.
530 3598 607 3680 publ.
634 3599 845 3665 instrumentum
871 3601 1004 3684 scriptum
1029 3618 1120 3665 manu
1138 3598 1213 3678 Guig.

148 3698 289 3761 Frumenti
302 3710 362 3760 not.
377 3696 445 3778 pub.
469 3696 520 3759 sub
534 3716 607 3761 anno
626 3696 680 3759 Diri
700 3704 938 3773 M⁰CCC⁰XXXl⁰,
961 3696 1060 3761 indict.
1078 3710 1165 3774 xrtru,
1176 3693 1213 3757 ue

148 3809 169 3856 ra
183 3797 284 3860 mensis
298 3795 402 3878 aprilis,
422 3795 567 3861 continens
584 3795 743 3876 homagium
762 3796 856 3878 ligium
871 3795 1016 3877 prestitum
1038 3815 1093 3877 per
1112 3802 1211 3859 Petrum

147 3893 182 3955 de
197 3893 313 3979 Molario
333 3893 519 3972 domicellum,
538 3893 622 3959 lilium
646 3893 773 3957 Falconis
796 3893 831 3957 de
856 3893 972 3959 Molario
984 3893 1124 3970 condam,
1144 3892 1209 3959 (Μ

151 4130 154 4137 -
189 4115 210 4154 ι.
226 4096 265 4157 un
279 4115 311 4157 n.
326 4097 461 4159 smisso
478 4051 637 4159 erucem
652 4097 803 4158 uniusne.
826 4130 829 4135 >
