2716 4784
497 383 676 466 ..225-

40 517 174 593 Vincula,
185 518 330 581 continens
346 517 551 580 conventiones
574 516 663 580 factas
679 529 709 578 eu
723 517 894 597 putrefacta
906 531 934 580 et
949 517 1035 580 inhita
1051 517 1128 581 inter

43 614 156 677 nobiles
175 630 203 679 et
219 628 348 697 potentes
362 614 438 678 dom.
464 615 645 698 b<eatticeml
670 613 809 676 dominum
838 615 996 696 uuctgniaci
1010 634 1046 677 en
1066 621 1127 678 unat¹

43 723 167 794 partem
180 713 255 775 dom.
269 712 452 783 Humbertum
475 725 503 774 et
521 711 597 773 dont.
614 717 720 773 Annam
735 711 963 790 elus-consortem
977 727 1012 774 ex
1024 709 1121 787 altera,

45 822 104 893 que
120 811 229 892 quidem
250 809 455 881 convenciones
475 810 548 874 lacte
572 810 684 882 fuerunt
703 809 787 873 videl.
813 809 888 893 quod
901 809 975 872 dlcta
991 808 1121 871 domt'll'.

44 897 162 970 t'radidit
175 921 203 971 et
216 909 353 988 concessit
361 908 466 971 eisdem
480 907 644 989 conjugibus
654 906 772 988 quitquit
780 906 847 986 juris
856 905 977 970 hahebat
992 905 1021 976 in
1032 919 1125 968 castro

45 997 85 1076 de
101 1010 225 1089 Versoya
240 1019 268 1078 et
279 1006 307 1068 in
317 1006 399 1068 Clusa
416 1005 452 1067 de
469 1010 548 1089 Gayo
561 1019 589 1068 et
602 1004 768 1088 generaliter
791 1003 819 1066 in
842 1017 901 1073 tota
915 1003 1027 1087 gageria
1041 1023 1129 1085 quate

45 1099 172 1166 habebat
185 1123 201 1166 a
216 1103 293 1166 dom²
309 1102 456 1188 Elyenoria
469 1100 504 1165 de
519 1109 610 1184 (tayo,
620 1101 767 1165 continens
780 1101 868 1165 eciam
877 1101 970 1183 plures
980 1100 1048 1170 alias
1060 1119 1126 1177 cou-

43 1197 199 1265 venciones
213 1199 320 1263 hebitas
330 1199 403 1267 iuter
418 1199 499 1279 ipsos.
511 1211 594 1278 prout
609 1198 710 1280 inipso
724 1199 820 1267 lietera
835 1199 947 1280 plenius.
956 1198 1126 1267 continetur⁴

95 1291 179 1356 ruod.
200 1301 280 1369 Item,
297 1295 383 1375 quod.
402 1294 479 1375 publ.
497 1294 765 1377 instrumentumque
781 1296 879 1377 1459),
898 1295 943 1357 die
956 1307 1008 1357 utu
1024 1294 1127 1356 mensis

33 1390 153 1472 aprilis,
171 1390 316 1461 emmens
324 1391 485 1472 homagium
494 1391 588 1472 ligium
602 1392 747 1474 prestitum
761 1393 797 1455 ill*
807 1392 924 1474 principi
939 1393 1017 1477 dom⁶
1030 1404 1131 1455 nostro

46 1488 78 1549 d.
91 1487 245 1550 llumberto
256 1487 387 1569 dalphino
396 1488 545 1550 Viennensi
553 1507 603 1568 per
609 1488 844 1568 potentemuirum
855 1488 995 1550 dominum
1004 1487 1040 1550 de
1047 1494 1131 1569 Gayo

45 1597 78 1648 et
90 1585 313 1666 recognioionem
327 1603 378 1669 per
401 1584 490 1665 ipsum
504 1585 605 1649 lactem
619 1585 779 1662 summarie,
792 1599 874 1667 prout
891 1598 972 1668 pater
981 1604 1047 1648 suus
1059 1584 1127 1648 alias

45 1692 269 1763 recognoverat*
766 1681 770 1700 ’

94 1775 178 1858 1607.
196 1786 275 1856 ltern,
291 1779 376 1860 quod.
391 1768 509 1841 indimus
525 1778 553 1840 in
562 1777 679 1840 formam
694 1777 831 1859 publicam
847 1777 989 1840 redactum
1000 1796 1051 1860 per
1063 1772 1127 1840 ma,
1197 1848 1200 1854 ,

44 1892 115 1939 num
127 1875 259 1938 lobannis
271 1875 431 1959 Congrearii
446 1875 546 1956 notarii
563 1874 656 1958 publ.,'
679 1874 824 1937 continens
846 1873 1009 1938 citadionem
1026 1873 1127 1939 laetam

44 1973 216 2047 lieteratorie
235 1992 285 2056 per
304 1970 380 2041 dom.
407 1972 585 2056 Bleatricem)
604 1970 743 2036 dominam
762 1971 920 2054 Fucigniaci
934 1972 1011 2034 dom⁶
1033 1980 1129 2036 Leone

46 2069 162 2178 domine
187 2071 223 2134 de
246 2078 325 2155 Gayo
353 2070 390 2135 ad
419 2069 677 2154 recognoscendum
697 2068 811 2133 feudum
830 2069 866 2134 de
879 2076 958 2153 Guyo
971 2070 1049 2135 doru-⁰
1071 2069 1130 2141 dale

46 2166 179 2325 Phlibodd.
209 2270 288 2338 Item,
314 2264 398 2344 qued.
427 2227 522 2326 lietera
547 2264 637 2345 sigillo
660 2264 752 2327 fratris
782 2263 916 2345 hymonis
937 2222 1128 2327 Gebennensis

46 2360 173 2441 episcopi
187 2360 216 2423 in
233 2360 364 2441 pendenti
387 2359 515 2441 sigillata,
532 2361 634 2442 scripta
654 2360 706 2424 sub
718 2380 793 2423 anno
810 2360 864 2421 uni
880 2366 1126 2436 M⁰CC⁰LXX⁰ll⁰‚

47 2455 96 2524 die
105 2456 200 2521 martis
212 2470 276 2518 ante
288 2456 388 2520 lenum
401 2455 533 2519 cathedre
546 2457 635 2519 sancti
648 2457 735 2532 Petri,
761 2455 906 2523 continens
923 2455 998 2536 quod
1012 2453 1130 2519 uuillel-

47 2552 159 2617 musde
170 2553 291 2624 hnullier
303 2553 465 2616 domicellus
480 2553 644 2634 recognovit
661 2572 691 2615 se
702 2567 798 2617 tenere
810 2553 846 2615 ab
860 2551 896 2613 ill¹
918 2550 1028 2614 domina
1041 2551 1131 2632 Bles-

45 2647 130 2729 trice)
145 2648 260 2721 domina
272 2649 430 2730 Fucigrriaci
446 2649 570 2730 quitquid
596 2649 654 2730 ipse
664 2662 740 2712 tenet
755 2649 801 2711 uel
814 2649 883 2710 alius
896 2647 931 2710 ab
945 2648 1007 2728 ipso
1028 2647 1057 2714 in
1070 2660 1129 2712 tota

46 2745 196 2826 parrochia
212 2745 352 2821 devilem,
371 2758 400 2810 et
414 2765 466 2826 pro
479 2745 630 2808 hiisdebet
642 2744 800 2825 homagium
812 2744 907 2825 ligium
921 2744 1033 2809 domine
1045 2763 1133 2826 supro

46 2841 124 2904 dicte
138 2854 166 2903 et
178 2861 263 2904 unum
278 2841 313 2903 de
326 2841 419 2904 liberis
434 2843 490 2904 suis
500 2841 618 2906 reddere
632 2843 668 2903 ad
684 2842 854 2906 fidelitatem.

94 2939 178 3020 adop.
196 2946 274 3015 Item,
286 2940 486 3020 trarucriptum
503 2939 612 3018 cuiusd.
640 2939 832 3021 compromissi
845 2952 874 3005 et
887 2939 1129 3021 pronunciationis

46 3036 191 3111 factem
200 3037 365 3113 interdum»
376 3037 528 3107 omedeum
542 3037 671 3103 comitem
687 3037 825 3102 sabaudie
836 3038 1004 3103 etcomiuem
1020 3038 1132 3102 oebm
1184 3062 1189 3073 2

47 3151 180 3209 ssenoessle

92 3229 166 3287 roro.
181 3231 254 3302 hear,
267 3229 399 3306 pactiones·
409 3237 496 3297 (novel
503 3240 533 3289 ‘et
543 3231 752 3289 confederationes
759 3232 826 3288 tacte
838 3230 901 3296 inter
915 3231 983 3295 dom
995 3231 1134 3291 Johnson·

46 3320 204 3379 Francorum
218 3336 303 3393 regem
313 3329 341 3377 et
351 3320 419 3377 dom.
436 3320 557 3378 Karolum
571 3321 622 3393 ejus
636 3320 838 3396 primogenitum,
846 3315 994 3395 dalphinum
1008 3320 1133 3389 lliennon

48 3424 113 3479 sem,
129 3424 159 3463 eu
173 3424 222 3462 una
237 3416 307 3481 parte
321 3416 346 3463 et
359 3407 427 3469 dom.
443 3408 579 3465 Amedeum
593 3407 706 3465 comitem
725 3409 912 3468 Gebeuneusem
926 3425 956 3475 ear
981 3405 1073 3485 altera,
1090 3422 1133 3474 eq·

48 3511 116 3578 rum¹
127 3492 230 3566 sigillare
245 3492 339 3569 sigillis,
355 3492 378 3549 in
392 3492 481 3577 quibus
496 3494 556 3552 dict.
577 3513 658 3551 comes
681 3495 821 3553 Gehennen.
837 3492 894 3557 lecit
908 3492 1052 3566 homagium
1062 3492 1131 3557 dicto

47 3581 120 3638 dom.
136 3578 253 3655 delphino
267 3590 292 3637 et
308 3581 389 3639 dictus
403 3582 477 3647 dom„
487 3583 618 3656 dalphinus
631 3582 700 3641 dedit
714 3580 760 3640 sihi
775 3584 811 3646 Vc
825 3581 900 3640 libras
921 3579 1061 3661 Gebennen.
1088 3599 1130 3639 an,-

47 3660 136 3724 n'uzles
153 3670 240 3740 ethim
255 3669 340 3725 floren.
356 3669 439 3742 semel,
451 3688 497 3745 pro
511 3671 599 3746 quihus
613 3672 650 3727 ve
666 3669 732 3728 libris
746 3670 807 3728 dict.
819 3671 949 3745 delphinus
963 3666 1068 3727 tradirfit
1083 3667 1130 3745 ipsi

48 3755 137 3813 comiti
151 3774 196 3830 per
210 3758 309 3814 modum
323 3756 434 3831 pignoris
459 3767 484 3814 et
506 3755 699 3816 assecurationis
727 3769 835 3815 castrum
858 3754 992 3823 hlorestelli
1011 3764 1036 3811 et
1050 3753 1133 3811 villam

48 3843 178 3901 Goncelini
192 3844 216 3899 in
230 3830 429 3918 Grtqsirodano,
441 3861 572 3920 quousque
582 3845 642 3902 alibi
652 3841 732 3902 eidem
740 3845 902 3921 assignaverit
916 3845 976 3902 dict.
994 3845 1030 3902 Ψ
1041 3844 1131 3918 libras;

48 3948 102 4007 que
117 3931 244 4006 pactiones
258 3935 323 3989 lacot
336 3933 436 3989 lustum
449 3949 516 3989 tuno
528 3933 577 3991 uui
592 3934 735 4004 murtrum,
751 3948 837 3990 mense
853 3933 984 3991 decembri.
1000 3961 1036 3978 ··-
1054 3935 1096 3990 ror
1107 3951 1131 3990 r.

47 4021 122 4091 Item,
138 4020 413 4094 postposuerunt
428 4021 566 4076 conlectum
574 4022 621 4078 sub
637 4039 702 4089 tuno
712 4021 762 4077 uni
772 4022 965 4095 mcccuur,
980 4021 1019 4078 die
1033 4022 1131 4078 XXVl¹

48 4106 165 4182 januarii,
180 4125 224 4182 per
239 4126 337 4166 manum
350 4107 468 4165 iohannis
491 4109 636 4175 Albulide
646 4108 769 4183 subiato,
780 4107 914 4183 sigillatum
930 4109 958 4168 in
974 4107 1089 4183 penduuti
1101 4107 1132 4165 si·
