2716 4784
594 407 753 468 -,4-

140 525 302 586 matrimonii
314 524 445 585 celebrati
458 524 533 584 inter·
544 523 620 584 dom.
639 523 793 602 Guigonem
810 521 970 601 dalphinum
986 523 1173 583 Viennensem
1187 536 1210 582 et

138 621 213 683 dom.
232 620 387 682 Ysabellam
402 619 485 681 filiam
501 619 573 680 dom'
595 619 712 699 Philippi
728 619 802 698 regis
828 618 955 678 Francie.

178 814 234 868 106.
251 814 321 882 ltem,
338 811 385 866 tria
400 811 560 867 instrumenta
575 828 648 883 super
663 811 820 866 matrimonio
834 820 944 867 tractato
964 812 1027 868 inter
1046 816 1117 867 dom.
1141 814 1210 868 llum·

139 902 234 956 bertum
249 898 391 973 dalphinum
406 897 578 970 Viennensem,
589 916 618 954 ex
633 916 681 954 una
697 909 777 972 parte,
788 908 813 954 et
826 899 894 955 dom.
909 900 1047 956 lohannam
1063 898 1138 956 tiliam
1152 900 1210 956 dom*

138 987 207 1044 Petri
223 987 292 1043 ducis
307 985 436 1057 Borbonii‚
457 985 568 1041 conlecta
583 1003 626 1059 per
642 1004 738 1042 manum
764 987 894 1042 llumberti
918 987 994 1043 Pilati
1018 988 1112 1044 notarii
1136 989 1210 1061 publ,

137 1076 183 1132 sub
197 1093 262 1131 anno
276 1074 326 1130 oni
341 1076 378 1128 M·
391 1075 430 1130 lll‘
446 1075 503 1129 XL·
518 1075 593 1129 Vlll·.

177 1180 233 1235 107.
251 1163 321 1233 ltem,
337 1171 386 1216 tres
401 1159 484 1216 lictere
503 1159 525 1216 in
546 1178 593 1215 una
616 1159 707 1233 piscide
730 1160 833 1234 sigillate
856 1161 934 1233 sigillo
957 1161 1017 1218 dicti
1041 1162 1112 1218 dom.
1137 1162 1209 1232 ducis,

138 1267 211 1322 super
224 1250 310 1305 eodem
326 1247 492 1304 matrimonio.

179 1337 235 1392 108.
253 1339 325 1392 Anno
339 1334 483 1391 Natiuitatis
498 1337 595 1393 Domini
611 1336 647 1391 M·
663 1338 702 1392 lll‘
716 1338 808 1407 tht·‚
832 1337 870 1393 die
893 1356 924 1392 xv
947 1337 1035 1394 mensis
1057 1337 1209 1413 septembris,

139 1423 291 1498 presentibus
307 1423 436 1496 magnifico
451 1423 504 1479 viro
519 1425 585 1479 dont.
603 1425 738 1496 Rodulpho
752 1425 852 1480 domino
861 1426 892 1480 de
901 1424 1011 1498 Louppi,
1028 1425 1111 1481 locum
1122 1436 1212 1480 tenente

139 1511 229 1568 domini
244 1512 322 1567 nostri
336 1509 455 1586 dalphini,
471 1512 555 1568 ddum.
573 1511 709 1568 hmblardo
723 1513 822 1567 domino
837 1511 1000 1584 Bellimontis,
1025 1513 1164 1587 Rodulpho
1186 1514 1211 1568 de

139 1600 264 1676 Capriliis,
280 1601 359 1674 legum
378 1600 491 1673 doctore,
510 1602 622 1657 lohanne
642 1600 673 1655 de
693 1602 786 1673 Bosco,
811 1600 936 1657 licentiato
960 1600 982 1657 in
1008 1601 1114 1675 legibus,
1139 1600 1212 1674 judice

139 1689 329 1763 Graysivodani,
354 1691 421 1746 dom.
447 1691 599 1746 blumbertus
623 1686 697 1744 Pilati
721 1699 746 1745 et
768 1690 890 1746 lohannes
905 1689 999 1746 Mathei
1014 1690 1211 1764 reposueruntir

139 1777 243 1833 archivis
257 1777 438 1852 dalphinalibus
452 1777 563 1833 sacristie
578 1776 663 1833 Sancti
679 1778 787 1847 Andree,
807 1777 831 1832 in
846 1776 927 1833 rofino
942 1778 965 1833 in
980 1795 1031 1852 quo
1045 1788 1107 1834 sunt
1121 1778 1211 1850 privile

137 1866 177 1938 gia
192 1865 379 1939 imperatorum,
396 1864 468 1921 videl.
486 1864 509 1920 in
523 1865 630 1938 quadam
646 1862 735 1938 picide,
757 1865 808 1920 duo
829 1864 954 1938 privilegia
975 1882 1096 1923 concessa
1117 1866 1210 1922 domino

137 1963 224 2009 nostro
238 1953 355 2027 dalphino
370 1971 413 2027 per
431 1953 498 2009 dom.
524 1952 644 2008 Karolum
669 1952 840 2025 imperatorem
865 1954 1018 2025 modernum,
1044 1954 1119 2010 videl.
1142 1973 1209 2010 unum

138 2058 211 2113 super
225 2039 413 2097 confirmacione
428 2057 638 2115 quorumcumque
657 2039 839 2115 privilegiorum
858 2041 1022 2115 Dalphinatus
1040 2060 1209 2100 concessorum

138 2144 181 2199 per
197 2126 365 2199 imperatores,
377 2125 441 2183 aliud
457 2145 530 2200 super
543 2127 732 2184 confirmacione
747 2127 928 2201 privilegiorum
945 2140 1101 2186 monetarum
1116 2129 1209 2205 Dalphi-

139 2223 220 2269 natus.
957 2238 961 2245 ·
