2716 4784
599 408 778 488 -246-

188 540 255 618 842.
273 546 352 615 Item,
368 540 454 620 quod.
468 538 545 621 publ.
560 540 773 605 instrumentum
788 560 871 603 manu
889 541 965 604 Petri
982 542 1117 604 Chauriui
1129 543 1218 605 notari

146 635 224 718 publ.
242 637 386 718 scriptum,
402 636 454 698 sub
470 656 544 698 anno
561 637 614 698 Dr'ri
631 643 845 713 M⁰CC0LX0V⁰,
856 637 941 699 indic.
958 650 1035 713 unu,
1054 639 1100 702 die
1114 651 1169 700 11112
1180 638 1218 700 iu-

145 747 236 797 trante
252 736 355 811 madio,
368 734 513 798 continens
530 735 604 816 quod
625 735 716 797 Berlio
740 750 769 798 et
789 736 926 799 henricus
952 736 989 798 de
1014 737 1095 799 Bella
1124 735 1218 800 comba

146 832 338 912 quietaverunt
348 846 376 894 et
382 832 547 894 remiserunt
560 832 638 893 dom⁰
655 832 785 913 dalphino
802 840 914 895 Petrum
929 833 1077 896 Gotafredi
1090 834 1125 895 de
1140 840 1217 896 Bata

146 928 178 991 lis
193 944 220 990 et
231 929 360 1010 quicquid
376 929 404 990 in
420 930 481 1010 ipso
503 929 644 991 habebant
659 942 688 992 et'
698 929 725 990 in
741 949 758 990 ιι
771 929 852 992 solid.
869 930 905 992 de
917 929 1021 1009 placito
1033 931 1064 993 in
1078 932 1139 1012 ipso
1157 931 1216 993 etin

147 1026 229 1088 rebus
243 1027 311 1104 suis,
327 1027 441 1089 retentis
453 1026 505 1088 sibi
514 1026 574 1088 aliis
589 1027 691 1108 usagiis
705 1027 795 1089 eidem
812 1027 912 1090 debitis
928 1046 980 1108 per
998 1027 1070 1091 dict.
1088 1036 1202 1091 Petrum.

186 1122 254 1202 843.
273 1130 351 1199 Item,
371 1123 457 1204 quod.
474 1122 511 1185 al.
530 1123 742 1185 instrumentum
762 1123 840 1205 publ.
856 1122 899 1203 (ut
912 1124 999 1206 713),
1012 1124 1159 1189 continens
1172 1126 1216 1186 ho

146 1219 265 1299 magium
280 1219 373 1300 ligium
389 1221 534 1300 prestitum
550 1221 628 1283 dome
642 1234 738 1285 nostro
757 1221 889 1302 dalphino
908 1221 1098 1303 pernobilem
1114 1228 1215 1307 Petrum

145 1314 181 1376 de
197 1316 328 1377 Fontanis
343 1329 370 1377 et
382 1317 567 1381 terminum...
633 1366 636 1382 ι
917 1393 921 1398 ,

186 1410 255 1489 844.
274 1417 352 1487 Item,
372 1412 458 1492 quod.
473 1413 510 1475 al.
534 1414 746 1478 instrumentum
761 1414 839 1495 publ.
856 1414 989 1496 scriptum
1012 1435 1098 1479 manu
1127 1415 1215 1478 ΗιιιιιὶιΙ

146 1507 226 1569 Pilati
238 1522 298 1570 not.
317 1509 384 1589 pub.
402 1502 454 1572 ¹sub
469 1531 542 1572 anno
559 1512 613 1574 Dr'ri
636 1519 919 1590 M⁰ccc0xxx1111⁰,
938 1514 1037 1577 indict.
1055 1528 1099 1592 11²,
1129 1516 1171 1578 die
1184 1533 1215 1577 uu

145 1608 250 1688 aprilis,
268 1609 413 1671 continens
427 1610 501 1690 quod
519 1611 659 1673 lohannes
680 1611 715 1673 de
733 1612 796 1673 Alto
820 1611 914 1687 Vilari,
937 1611 1070 1676 dominus
1086 1614 1151 1677 dicti
1171 1613 1216 1675 looi

144 1705 270 1787 filiusque
286 1707 362 1769 Petri
377 1708 412 1768 de
424 1707 486 1768 Alto
501 1707 596 1782 Vilari,
614 1708 717 1770 domini
731 1709 797 1770 dicti
811 1708 863 1771 loci
875 1710 1007 1786 condam,
1020 1711 1164 1773 confessus
1174 1711 1217 1772 luit

145 1822 175 1865 se
185 1817 280 1867 tenere
295 1818 323 1867 et
342 1819 438 1867 tenere
452 1804 523 1865 velle
538 1818 566 1867 et
580 1804 684 1867 debere
699 1819 795 1867 tenere
810 1826 826 1866 a
843 1806 921 1867 dom⁰
936 1821 1034 1869 nostro
1058 1808 1216 1889 dalphinoin

142 1901 256 1964 lendum
269 1916 297 1964 et
311 1902 346 1964 de
363 1902 469 1964 directo
480 1901 602 1963 dominio
613 1902 699 1982 ipsius
714 1903 743 1963 d.
759 1901 853 1982 dalph.
866 1922 922 1978 res,
939 1903 1014 1966 bona
1028 1919 1058 1966 et
1066 1905 1127 1984 iura
1135 1905 1216 1967 omnia

144 2017 317 2079 quecumque
330 1998 424 2072 habet,
442 2011 529 2073 tenet,
542 1999 666 2079 possidet
682 1997 732 2061 vel‘
740 1998 818 2079 quasi
834 2018 883 2079 per
903 2019 933 2060 se
948 2000 993 2062 vel
1007 2021 1060 2081 per
1072 2000 1154 2064 alium
1167 2002 1216 2080 ejus

143 2095 255 2155 nomine
269 2094 305 2155 ab
320 2113 391 2174 aqua
407 2094 442 2156 de
458 2101 546 2177 Baytz
561 2114 658 2156 versus
677 2095 922 2177 Graysivodanum
940 2110 970 2159 et
991 2097 1019 2159 in
1035 2111 1096 2161 toto
1118 2099 1216 2181 Graysi·

143 2189 267 2264 vodano,
287 2189 345 2250 sive
358 2189 412 2252 sint
426 2210 475 2252 seu
490 2181 695 2266 consistantht
708 2192 791 2254 meris
808 2206 835 2254 et
858 2193 949 2255 mixtis
967 2193 1107 2275 imperiis,
1128 2195 1215 2275 juridi-

143 2285 280 2362 cionibus,
295 2286 407 2368 taylliis,
419 2288 554 2365 serviciis,
574 2288 676 2369 usagiis
690 2302 719 2351 et
732 2289 915 2371 complayntis
927 2289 987 2353 sive
1001 2291 1030 2353 in
1041 2293 1102 2355 aliis
1116 2293 1214 2374 quibus

143 2401 262 2465 cumque
272 2383 367 2460 rebus,
381 2384 505 2464 exceptis
520 2398 613 2447 tamen
630 2385 682 2446 hiis
705 2405 759 2466 que
778 2399 854 2448 tenet
870 2406 887 2447 a
901 2387 982 2448 dom0
996 2390 1101 2452 comite
1115 2390 1213 2453 Geben·

36 2509 40 2517 ι
142 2481 233 2557 nensi,
253 2496 280 2544 et
292 2501 344 2563 pro
361 2482 493 2563 predictis
509 2481 657 2544 confitetur
671 2482 789 2564 predict.
807 2485 946 2546 lohannes
965 2504 996 2548 se
1011 2505 1076 2550 esse
1089 2489 1211 2550 hominen

143 2581 208 2643 dicti
236 2581 313 2642 dom.
342 2581 464 2661 dalphini
489 2595 518 2644 et
537 2582 627 2643 eidem
650 2581 809 2662 homagium
827 2595 855 2644 et
875 2580 1037 2647 fidelitatem
1053 2585 1179 2667 prestitit,
1192 2594 1212 2644 et

142 2679 221 2758 plura
235 2678 287 2740 alia
303 2691 386 2758 prout
398 2678 426 2740 in
441 2679 518 2741 dicto
534 2679 624 2742 instr‘⁰
638 2679 826 2741 continentur.

183 2776 251 2853 845.
273 2783 352 2848 Item,
380 2775 467 2855 quod.
493 2776 530 2837 al.
555 2776 766 2837 instrumentum
792 2775 869 2857 publ.
897 2777 939 2857 (ut
967 2777 1055 2859 713),
1082 2776 1211 2840 continens

142 2870 300 2950 homagium
312 2871 347 2932 de
361 2891 481 2951 persona
496 2873 640 2953 prestitum
655 2873 736 2934 dom⁰
746 2886 843 2936 nostro
857 2872 989 2954 dalphino
1006 2893 1060 2955 per
1073 2875 1210 2937 iohannem

144 2968 299 3049 Reymondi
317 2967 351 3028 de
369 2968 459 3031 Auriis
477 2983 504 3032 et
518 2970 703 3032 terminum...

183 3065 252 3143 846.
273 3071 352 3142 ltem,
375 3067 461 3147 quod.
481 3068 517 3129 al.
534 3061 746 3130 instrumentum
757 3067 800 3148 (ut
812 3067 895 3149 828),
912 3068 957 3130 die
974 3089 1023 3132 nvi
1042 3091 1132 3135 mens.
1147 3069 1211 3151 juni,

141 3162 287 3224 continens
297 3164 455 3244 homagium
471 3165 614 3246 prestitum
632 3165 710 3226 dom⁰
726 3178 823 3227 nostro
839 3165 972 3245 dalphino
988 3187 1041 3247 per
1057 3169 1176 3233 nobilem
1194 3177 1214 3228 et

142 3275 283 3343 potentem
299 3261 388 3322 virum
402 3262 478 3323 dom.
500 3261 656 3323 Disderium
670 3262 705 3324 de
717 3263 897 3325 Cassenatico
914 3262 1029 3326 militem
1044 3278 1066 3328 ¹.

182 3360 256 3438 847:
278 3365 357 3434 ltem,
386 3359 471 3438 quod.
494 3360 530 3420 al.
556 3359 770 3421 instrumentum
790 3360 867 3440 publ.
889 3360 1022 3441 scriptum
1043 3381 1128 3426 manu
1150 3370 1213 3443 Hug.

142 3456 294 3518 Chabuellii
311 3456 410 3516 notarii
428 3455 505 3535 publ.
530 3455 582 3517 sub
599 3475 672 3518 anno
702 3457 755 3517 Diui
774 3463 1003 3534 M⁰CC⁰XC⁰VI⁰,
1021 3458 1112 3522 indic.
1134 3473 1174 3536 xt,
1194 3459 1215 3519 in

141 3571 237 3614 mense
269 3551 441 3627 novembris,
479 3552 625 3615 continens
660 3554 736 3634 quod
771 3554 854 3616 Alisia
888 3574 958 3616 uror
994 3557 1118 3618 condam
1152 3553 1215 3618 Petri

142 3649 289 3730 Margallii,
301 3663 329 3712 et
342 3656 442 3712 Petrus
457 3656 585 3712 Geneves
606 3664 634 3713 et
649 3651 818 3714 Alamandus
835 3651 981 3745 Margallii,
1006 3652 1110 3718 iratres
1126 3655 1215 3736 filiique

77 3766 78 3769 ¹
117 3737 213 3808 ‘dict'e
238 3746 332 3823 Allsie,
351 3746 537 3809 vendiderunt
560 3748 596 3808 ill¹
627 3748 704 3810 dome
720 3749 869 3830 B(eatrici)
894 3749 1006 3812 domine
1020 3752 1181 3834 Fucigniaci
1195 3763 1214 3814 et

141 3841 200 3920 ejus
216 3843 366 3906 heredibus
385 3844 657 3930 resinfrascriptas,
674 3845 759 3908 videl.
781 3865 821 3907 ιιιι
839 3847 954 3909 sestaria
970 3847 1104 3912 frumenti
1127 3865 1211 3914 censu

141 3952 169 4001 et
184 3958 202 3999 ιι
219 3940 338 4003 civerios
352 3943 513 4004 nucleorum
522 3945 623 4005 census
634 3957 662 4005 et
674 3962 681 4002 1
696 3945 820 4023 quartale
833 3963 922 4006 avene
936 3962 1040 4008 census
1050 3961 1080 4010 et
1093 3967 1112 4010 ιι
1126 3949 1206 4010 denar.

180 4176 201 4214 ι.
218 4154 256 4214 En
269 4178 302 4216 ιι.
318 4161 421 4218 Cassen.
437 4171 462 4218 et
476 4163 572 4222 Montis
586 4166 703 4240 Rigaudi.
805 4227 808 4231 ,
