2716 4784
166 538 235 614 289.
257 544 336 607 Item,
347 535 469 616 *quamd
483 535 602 597 litteram
617 536 747 616 scriptam
761 536 900 598 subanno
915 537 968 597 Diri
985 524 1142 611 M‘3110L110,
1158 548 1201 597 ιιιο

121 633 238 695 kalend.
251 632 417 707 decembris,
431 632 531 695 nobilis
544 632 658 714 hymari
680 631 784 694 domini
808 632 843 694 de
864 632 1036 715 Anonayico,
1058 622 1203 710 continens

123 733 200 813 quod
215 732 275 812 ipse
291 740 427 814 hymarus
438 731 512 812 cepit
520 731 549 792 in
566 731 788 793 feudumadom⁰
802 731 928 812 Guigone
943 731 1085 813 dalphino,
1097 733 1202 794 Vienne

123 845 152 893 et
167 831 284 892 Albonis
300 830 411 904 comite,
428 829 582 891 custodiam
596 828 724 903 ecclesie,
740 829 804 890 ville
826 843 909 910 atque
925 829 1010 891 totius
1023 830 1152 891 territorii
1168 831 1203 892 de

125 930 290 1012 Qintenas,
311 942 340 990 et
358 928 490 1010 quidquid
505 927 572 1006 juris
588 941 616 988 et
632 925 746 987 dominii
761 945 794 986 ac
808 926 1008 988 dominicature
1026 927 1054 987 in
1071 926 1202 1006 predictis

124 1027 243 1088 ecclesia
254 1041 282 1088 et
297 1026 360 1087 villa
375 1024 573 1087 ethominibus
587 1023 774 1085 habitantibus
788 1023 904 1085 indicta
920 1023 984 1084 villa
1006 1036 1033 1085 et
1063 1023 1202 1084 territorio

125 1125 249 1186 habebat
265 1144 313 1186 seu
328 1124 430 1186 habere
451 1136 560 1204 poterat
575 1137 623 1184 aut
638 1122 758 1184 debebat
781 1121 832 1183 sub
849 1123 989 1202 homagio,
1005 1122 1079 1203 quod
1110 1123 1205 1182 homa-

125 1221 201 1302 gium
217 1221 308 1282 dictus
322 1229 458 1302 hymarus
474 1220 539 1281 fecit
555 1218 630 1281 dicto
647 1220 723 1279 dom.
743 1218 862 1299 Guigoni
875 1232 958 1299 prout
976 1219 1004 1280 in
1024 1218 1113 1280 littera
1127 1219 1204 1299 sigil-

126 1320 180 1380 lata
195 1317 306 1398 sigillo
299 1316 386 1396 rpsius
399 1315 511 1399 hymari
522 1315 717 1377 continetur.
697 1326 703 1358 ¹

126 1433 238 1496 &²90
273 1423 350 1488 Item,
387 1407 473 1495 quod
504 1414 714 1475 instrumentum
740 1413 871 1493 scriptum
901 1389 984 1473 manu
1008 1413 1140 1475 lobannis
1169 1415 1204 1475 de

127 1521 232 1574 Sancto
249 1511 383 1594 Dyonisio
398 1511 561 1573 habitatoris
575 1510 730 1586 Bellivisus‚
747 1510 798 1571 sub
814 1529 886 1570 anno
904 1510 956 1570 oni
974 1512 1145 1583 M⁰lll⁶Vll,
1160 1509 1205 1569 die

125 1621 229 1671 xrcvnra
244 1609 346 1670 mensis
359 1608 465 1683 marcii,
480 1607 624 1669 continens
638 1607 713 1687 quod
730 1606 829 1668 nobilis
844 1607 886 1666 vir
897 1605 1017 1667 lacobus
1027 1605 1155 1667 dominus
1169 1606 1205 1666 de

124 1706 235 1768 Jeresio
248 1698 324 1767 dedit
339 1705 417 1766 dom⁰
431 1704 551 1766 Guidoni
568 1703 716 1784 Dalphino,
732 1703 854 1783 presenti
875 1709 901 1764 et
915 1703 1069 1783 recipienti,
1084 1718 1204 1765 castrum

125 1822 209 1864 suum
225 1803 261 1863 de
272 1801 392 1876 Viriaco,
408 1802 571 1862 Viennensis
584 1800 724 1882 dyocesis,
739 1799 821 1861 situm
835 1819 917 1880 supra
930 1813 1049 1861 castrum
1067 1801 1102 1860 de
1117 1800 1206 1861 Mala-

125 1900 201 1961 valle
225 1898 253 1960 in
276 1897 348 1979 pede
363 1899 463 1959 montis
489 1899 524 1959 de
551 1893 689 1971 Montroc,
706 1909 735 1958 et
753 1896 865 1957 domum
885 1916 962 1957 suam
985 1896 1020 1957 de
1042 1897 1203 1978 chavanay,

126 1996 284 2078 ejus(dem)
296 1995 435 2077 dyocesis,
455 1995 535 2056 sitam
548 2014 635 2075 prope
650 1993 756 2075 rippam
773 1993 892 2066 Rodani,
904 2012 966 2055 cum
983 2012 1079 2055 eorum
1094 1993 1207 2055 manda-

126 2094 241 2169 mentis,
257 2093 411 2168 territoriis,
427 2092 607 2168 districtibus,
627 2112 704 2154 mero
723 2105 751 2153 et
768 2092 852 2154 mixto
868 2092 985 2172 imperio
1006 2107 1034 2154 et
1059 2093 1204 2175 homagiis,
1294 2076 1312 2118 .·

124 2206 238 2255 retento
259 2192 310 2253 sibi
330 2204 358 2252 et
375 2191 453 2251 uxori
468 2211 516 2251 sue
530 2190 641 2251 domine
657 2189 691 2250 de
706 2198 858 2270 Argentaut
888 2209 938 2250 usu
958 2189 1049 2250 fructu
1075 2189 1205 2270 quamdiu

125 2290 273 2363 vixissent,
288 2289 316 2349 in
329 2307 395 2349 casu
411 2287 507 2368 inquo
523 2306 580 2348 non
595 2286 729 2348 haberent
744 2285 861 2364 liberos;
879 2298 907 2347 et
920 2285 971 2347 fuit
980 2299 1104 2347 retentus
1116 2285 1206 2346 dictus

125 2385 205 2446 dom.
226 2383 316 2464 Guigo
330 2383 366 2444 de
380 2383 510 2463 predictis
525 2403 575 2464 per
590 2384 666 2446 dom.
684 2386 855 2447 Ludovicum
869 2382 1106 2463 archiepiscopum
1129 2389 1206 2460 Lug-

125 2482 294 2557 dunensem,
310 2493 339 2541 ut
355 2481 382 2541 in
400 2480 474 2542 dicto
495 2481 678 2543 instrumento
695 2483 854 2544 continetur
871 2494 893 2541 ².

170 2596 240 2658 291.
260 2585 338 2653 Item,
354 2577 467 2657 quamd.
493 2577 611 2639 litteram
626 2579 701 2640 dom¹
718 2579 821 2640 Alberti
836 2578 871 2638 de
895 2583 994 2651 Turre,
1010 2575 1139 2655 scriptam
1154 2574 1206 2635 sub

126 2695 203 2737 anno
217 2674 271 2734 oni
285 2677 429 2750 M⁰ll⁶LX,
446 2684 517 2736 xvu⁰
544 2675 657 2737 kalend.
684 2675 841 2750 decenbris,
859 2674 1004 2755 sigillatam
1026 2672 1114 2752 sigillo
1142 2671 1206 2733 dicti

126 2775 207 2835 dom.
225 2771 339 2847 hiberti,
367 2771 554 2834 continentem
580 2773 655 2854 quod
676 2772 765 2834 dictus
779 2773 855 2834 dom.
886 2771 1015 2833 Albertus
1036 2769 1112 2831 dedit
1129 2769 1206 2831 dom⁰

127 2869 252 2950 Guigoni
266 2868 396 2949 dalphino
409 2869 491 2930 leuda
506 2869 667 2946 Morestelli,
686 2869 785 2930 Viriaci
803 2883 830 2931 et
845 2869 932 2931 tercie
948 2868 1034 2950 partis
1048 2867 1130 2930 castri
1146 2867 1208 2928 Cla·

127 2966 257 3029 rimontis
274 2985 336 3027 cum
363 2967 419 3027 suis
449 2966 701 3047 recognicionibus,
729 2980 757 3028 et
780 2966 852 3027 idem
869 2966 945 3028 dom.
966 2965 1056 3046 Guigo
1080 2964 1156 3026 dedit
1179 2964 1206 3024 in

127 3065 243 3127 feudum
258 3063 382 3144 predicta
397 3064 471 3126 dicto
488 3064 565 3125 dom,
589 3064 714 3126 Alberto.

150 3195 155 3204 ·
172 3178 241 3242 29²·
262 3167 340 3235 ltem,
357 3161 443 3241 quod.
458 3161 668 3224 instrumentum
684 3174 826 3241 receptum
841 3180 923 3221 manu
940 3158 1039 3220 Humb¹
1055 3158 1134 3220 Pilati
1146 3172 1204 3219 not.

127 3258 182 3320 sub
200 3277 274 3319 anno
290 3258 343 3319 nni
360 3261 570 3336 m⁰111⁰xxxv,
588 3259 633 3320 die
656 3273 697 3320 x1³
712 3259 813 3321 mensis
839 3258 945 3333 marcii,
967 3257 1111 3319 continens
1132 3256 1206 3336 quod

127 3355 232 3418 nobilis
243 3355 398 3437 hynardus,
415 3356 543 3418 dominus
558 3343 743 3432 clarimontis,
771 3355 934 3436 recognovit
948 3374 978 3415 se
992 3367 1086 3415 tenere
1102 3353 1130 3412 in
1149 3351 1209 3412 feu-

128 3456 196 3516 dum
211 3454 354 3534 antiquum
369 3455 507 3516 adomino
523 3470 619 3517 nostro
636 3455 790 3516 Humberto
805 3453 937 3534 dalphino
952 3449 1099 3514 Viennensi
1117 3463 1206 3511 castra

128 3552 166 3613 de
178 3550 302 3627 viriaco,
319 3551 355 3612 de
374 3551 537 3628 Peladraco,
555 3551 728 3632 parrochiam
744 3551 779 3612 de
796 3550 906 3625 Volum,
925 3547 1097 3629 parrochiam
1116 3546 1208 3608 Sancti

129 3648 264 3710 Germani
279 3647 315 3709 de
329 3655 496 3724 Cornarosa,
518 3668 580 3710 cum
606 3648 806 3710 mandamentis
824 3661 852 3709 et
876 3645 1020 3708 territoriis
1035 3645 1206 3721 eorumdem,

127 3747 194 3807 item
226 3745 289 3824 plus
318 3759 437 3806 castrum
460 3758 487 3806 et
507 3745 730 3806 mandamentum
750 3744 811 3805 Alte
837 3743 928 3823 Rippe
953 3740 1087 3802 reddibile
1100 3753 1120 3816 ³,
1141 3741 1206 3802 item

127 3844 309 3907 medietatem
322 3843 448 3906 fortalicii
462 3863 510 3906 seu
526 3844 625 3906 domus
651 3863 700 3905 sue
714 3843 750 3905 de
776 3842 899 3904 Divisino
925 3854 953 3903 et
967 3841 1080 3901 domum
1108 3840 1207 3929 fortem

170 4074 249 4129 uEn
264 4091 297 4128 m.
313 4074 387 4127 ADe
400 4072 469 4128 ultra
484 4072 677 4128 Rodanum.-
647 4089 719 4127 -2
741 4071 778 4124 En
797 4089 829 4125 m.
850 4070 954 4144 Foresii‚
975 4072 1027 4126 Noa
1046 4067 1208 4124 tetencionem

129 4144 224 4201 factam
239 4160 284 4216 per
298 4142 510 4217 archiepiscopum
520 4143 709 4216 Lugdunen—
721 4161 745 4215 3.
761 4142 800 4197 Eo
814 4160 846 4198 m.
862 4143 916 4198 No³
930 4116 1161 4198 reddibilitatemh.
1173 4138 1206 4192 R.
