2716 4784
583 373 761 436 -ιῶ-

132 498 275 561 ulbertum
289 499 325 562 de
340 499 460 563 Gunino
470 498 660 579 domicellum,
673 516 702 565 et
714 504 881 586 recognovit
902 522 936 567 oe
947 517 1052 567 tenere
1064 504 1102 567 ab
1120 506 1205 568 eodm

132 595 209 659 dom.
225 595 357 678 dalphino
369 597 484 660 domum
497 617 575 660 suam
584 618 633 662 teu
649 599 786 665 bastidam
800 600 881 663 sitam
895 600 926 663 iu
939 600 1144 664 mandamento
1155 620 1207 663 cas·

132 692 167 756 tri
182 692 217 756 de
232 699 337 771 Guare,
364 707 393 756 et
417 693 532 776 insuper
553 709 641 759 totum
661 696 689 760 id
704 696 779 779 quod
793 697 891 776 babet,
906 710 990 761 tenet
1013 711 1044 761 et
1056 697 1207 779 postidet'u

134 790 331 852 mandamento
344 804 373 853 et
394 790 518 855 districtu
545 792 629 857 couri
651 793 686 856 de
712 800 805 858 Guare
820 806 844 859 ⁸.
866 827 908 843 —-
930 812 1023 876 1053.
1043 801 1124 872 item,
1138 795 1206 859 etti.

132 888 264 970 scriptum
275 901 401 971 utsupra,
416 890 462 952 die
471 904 524 954 xit·
534 909 625 955 mens.
636 891 714 972 iunii,
729 890 877 955 continens
898 891 1068 974 homagium
1078 892 1205 974 prestitum

133 1004 184 1068 per
219 985 386 1048 Guionetum
416 987 555 1071 Revoyrie
576 988 753 1052 domicellum
781 989 861 1050 dom⁰
879 1001 981 1051 nostro
1007 989 1152 1070 dalphino.
1176 1024 1205 1038 -

138 1100 223 1164 ¹⁰54·
242 1089 321 1160 item,
352 1084 389 1147 ai.
408 1083 566 1166 homagium
593 1085 737 1167 prestitum
749 1084 825 1149 dicto
839 1085 918 1149 dom.
932 1084 1206 1167 dalphinoperurr·

134 1193 266 1261 gonetum
282 1178 403 1262 Revoyri
414 1180 602 1244 domicellum.
617 1214 659 1228 -
675 1199 760 1263 ¹055·
785 1187 866 1257 item,
889 1180 983 1262 quod.
1006 1180 1207 1245 instrumentum

133 1275 266 1356 scriptum
279 1287 398 1357 utsupra
424 1289 452 1338 et
479 1277 525 1338 die
551 1288 611 1339 xxr¹
623 1295 713 1341 mens.
738 1276 817 1357 junii,
835 1281 988 1339 continens
1005 1276 1086 1359 quod
1104 1276 1206 1341 veniet

135 1372 175 1435 rel
231 1371 273 1433 vir
281 1372 358 1433 dom²
371 1372 497 1436 Andreas
509 1372 560 1435 Dei
569 1373 658 1454 gratia
668 1372 756 1437 abbas
767 1372 928 1437 monasterii
936 1373 1206 1448 Bonorumvaibum,

136 1466 325 1531 cistersiensis
333 1467 450 1545 ordinis,
460 1469 510 1532 fuit
519 1470 664 1535 confessus
673 1484 702 1535 et
715 1470 880 1552 recognovit
889 1484 1028 1552 presente
1042 1470 1208 1534 dom⁰nostro

134 1563 266 1646 delphino
277 1565 353 1647 quod
369 1566 473 1629 molare
489 1566 525 1629 de
540 1575 655 1651 Moteyo
673 1581 718 1633 est
735 1579 764 1631 et
778 1567 829 1639 fuit
844 1567 874 1630 in
887 1567 1020 1631 districtu
1049 1581 1081 1633 et
1107 1567 1209 1631 manb-

135 1675 230 1727 mento
242 1662 327 1726 castri
345 1663 380 1725 de
395 1670 484 1727 Turre
498 1678 527 1727 et
539 1665 615 1747 quod
626 1665 716 1730 diottu
728 1665 805 1728 dom.
817 1664 966 1747 delphinus
977 1665 1071 1729 babet
1080 1663 1210 1727 ibidemin

135 1760 251 1825 baronia
263 1761 298 1825 de
311 1768 400 1825 Turre
410 1781 517 1825 merum
531 1777 561 1826 et
577 1763 691 1827 mixtum
707 1762 854 1845 imperium
867 1774 895 1826 et
907 1754 1108 1827 omnmocmi
1115 1761 1211 1843 iuddc-

135 1874 252 1935 uonem,
269 1873 324 1923 etc.

181 1957 265 2038 1056.
286 1963 366 2034 item,
379 1956 465 2039 qued.
481 1957 571 2019 littera
585 1956 675 2038 sigillo
684 1956 793 2020 comitis
802 1956 942 2021 sabaudie
957 1957 989 2021 in
1004 1957 1212 2039 pendentisigii·

137 2055 202 2131 lata,
220 2053 365 2116 continens
379 2053 466 2135 quod.
484 2053 560 2117 dom.
578 2052 718 2117 Amedeus
733 2073 828 2117 comeo
846 2053 988 2117 sabaudie
1009 2055 1211 2134 motudabutper

137 2150 250 2214 easdem
260 2149 353 2232 bayllo
364 2149 444 2212 ducis
455 2150 615 2232 Burgondie
625 2150 700 2232 qood
716 2149 883 2215 deliberaret
896 2150 979 2215 dom⁰
995 2151 1211 2235 dalpbiuoviet·

137 2247 216 2311 nensi
230 2245 407 2309 medietatem
421 2248 504 2310 castri
518 2247 554 2309 de
570 2246 752 2329 Cologniaco.

171 2363 269 2427 ,1057.
283 2352 363 2420 item,
379 2345 466 2426 quod.
481 2346 518 2408 al.
541 2344 753 2408 instrumentum
768 2343 813 2426 (ut
837 2343 923 2426 989),
942 2343 989 2408 die
1007 2359 1095 2407 xvru·
1123 2343 1211 2408 meotis

138 2442 246 2525 aprilio,
263 2442 410 2507 continens
426 2442 584 2524 homagium
599 2442 693 2524 ligium
710 2442 854 2524 prestitum
870 2442 952 2505 dom⁰
975 2456 1079 2507 nostro
1092 2441 1211 2524 duphim

136 2559 189 2622 per
213 2530 419 2622 Fran(ciscum)
443 2539 479 2601 de
507 2545 608 2602 Sancto
631 2544 772 2602 Germano
794 2538 983 2618 domicellum,
998 2539 1090 2603 filium
1105 2539 1227 2605 eordan

138 2637 215 2701 dom¹
229 2636 326 2700 Jacobi
340 2636 375 2698 de
392 2643 496 2699 Sancto
512 2642 663 2698 Cumano.

183 2734 269 2813 1058.
293 2741 373 2808 Item,
399 2732 483 2814 qued.
511 2732 602 2795 littera
626 2731 738 2795 duobus
754 2731 849 2813 sigillis
879 2731 1070 2814 impendenti
1093 2733 1212 2816 sigilbtr,

139 2831 242 2911 scripta
256 2849 339 2892 manu
354 2828 490 2892 Guillelmi
507 2827 582 2892 dicto
597 2828 763 2892 Chavallons
778 2829 814 2892 de
826 2828 937 2893 Cusello
956 2831 1062 2895 notarii
1076 2832 1157 2913 pubi.
1171 2829 1214 2895 sub
1243 2864 1246 2871 ·

139 2946 213 2988 anno
230 2926 284 2988 Diri
300 2931 512 3002 M⁰CCC⁰XV1⁰,
530 2925 575 2989 die
600 2939 621 2986 ι8
645 2925 748 2989 mensis
774 2926 938 3004 novenbris,
966 2927 1123 2993 continent
1148 2926 1215 3010 quod

139 3025 370 3088 demerueritis
396 3025 432 3087 de
459 3032 555 3088 Monte
580 3025 727 3106 Luppelio,
754 3024 868 3087 domina
895 3025 930 3088 de
947 3026 1073 3104 Cusello,
1096 3027 1215 3093 ooniessa

139 3122 191 3187 iuit
210 3142 241 3185 se
266 3122 369 3186 debere
397 3142 534 3186 excausa
557 3122 646 3186 mutui
666 3123 701 3187 111¹
727 3122 844 3205 principi
863 3123 942 3186 dom'
957 3124 1078 3189 iohanni
1093 3124 1215 3207 daipbiuo

142 3222 291 3286 Viennensi
315 3224 367 3285 Vlc
379 3221 464 3284 libras
478 3221 614 3284 bonorum
631 3228 773 3285 Toronen.
792 3240 954 3303 parvorum,
970 3240 1024 3302 pro
1040 3221 1144 3303 quibus
1165 3232 1216 3284 erat

140 3319 288 3401 fidejussor
301 3333 331 3385 et
339 3319 497 3401 principalis
514 3319 620 3382 solutor
633 3320 773 3383 iohannes
782 3319 818 3381 de
833 3326 929 3381 Monte
944 3318 1095 3399 Luppello.

187 3436 271 3501 1059·
288 3425 368 3494 Item,
393 3415 478 3498 qued.
502 3415 593 3479 littera
606 3416 696 3498 sigillo
708 3415 812 3478 domini
826 3415 862 3478 de
873 3414 981 3479 vileriis
997 3414 1028 3477 in
1042 3413 1217 3497 pendentiu-

141 3515 247 3597 gillata,
270 3515 374 3596 scripta
397 3513 450 3575 sub
465 3532 540 3575 anno
566 3513 621 3576 Diri
649 3519 865 3588 M⁰CCC⁰XXX,
881 3510 1031 3575 continens
1053 3511 1134 3593 quod
1147 3511 1214 3573 dom.

145 3611 313 3675 Humbertus
326 3610 362 3672 de
375 3607 483 3672 vilariis
495 3610 641 3673 confessus
657 3609 735 3692 (fuit)
748 3609 878 3672 babuisse
893 3629 909 3671 a
922 3607 1002 3671 dom⁰
1023 3596 1160 3690 daiphiuu
1174 3622 1215 3688 per

143 3727 256 3771 manum
275 3707 349 3771 dom¹
367 3706 503 3771 Guilielrni
532 3707 568 3770 de
596 3714 695 3789 Royno
717 3706 820 3782 militis,
840 3704 952 3789 bayllivi
968 3717 1047 3769 terre
1068 3705 1175 3781 Turris,
1189 3712 1213 3764 ι’

144 3803 228 3866 libras
242 3823 401 3886 grossorum
418 3810 561 3865 Toronen.
577 3802 695 3885 argenti,
706 3802 851 3884 dequibus
861 3801 965 3865 dictum
976 3801 1212 3884 dom.daiphinuo

144 3898 233 3963 solvit
246 3914 275 3966 et
288 3900 415 3982 quittavit
424 3901 543 3981 penitus.

188 4120 209 4159 1.
226 4102 264 4157 En
278 4119 311 4159 m.
326 4101 425 4159 Sc'iatur
439 4101 458 4159 si
472 4100 530 4158 iecit
545 4100 693 4174 homagium.
