2716 4784
586 366 764 445 ‚104-

140 499 220 563 Pilati
234 511 295 561 not.
312 497 394 580 puh.,
416 496 562 560 continens
576 496 734 577 homagium
750 495 846 577 ligium
869 495 907 559 de
936 512 1064 578 persona
1076 492 1212 576 prestitum

137 598 216 660 dom⁰
227 608 323 658 nostro
336 594 466 676 dalphino
477 614 527 675 per
538 594 660 657 nobilem
676 594 765 655 virum
778 594 856 656 dom.
873 592 1072 655 Guichardum
1086 591 1123 654 de
1135 598 1213 653 horu

138 692 250 755 militem
262 713 271 769 3
289 705 416 772 preterea
427 692 572 755 confessus
583 691 635 755 luit
647 691 721 754 idem
743 689 774 753 d.
792 697 842 766 G.,
867 689 905 753 ad
928 688 1097 753 instantiam
1109 687 1175 751 dicti
1186 687 1212 750 d.
1249 763 1259 775 ‚,

137 789 311 870 dalphini,se
324 801 460 855 tenereet
473 801 570 851 tenere
596 788 700 852 debere
722 787 752 849 in
774 786 887 849 feudum
917 785 1031 863 nobile,
1055 785 1214 849 francumet

138 886 273 968 antiqum,
291 899 320 948 et
333 886 369 948 de
382 885 466 947 leudo
479 885 586 961 hanco,
596 885 665 949 nob.
683 895 784 948 etant.
801 883 838 945 ad
854 882 1021 964 homagium
1035 880 1133 965 ligium
1155 882 1213 947 bat·

138 982 215 1045 titam
232 995 260 1044 et
273 982 387 1044 domum
412 1001 446 1044 ac
459 979 625 1044 fortalicium
642 980 735 1043 Sancti
759 979 913 1044 Marcellini
926 998 993 1043 cum
1009 979 1211 1055 mandamento,

137 1078 277 1143 territorio
290 1095 319 1143 et
331 1079 503 1161 pertinentiis
518 1079 587 1155 suis,
610 1092 640 1142 et
660 1079 739 1161 plura
755 1077 847 1142 aliain
860 1077 938 1141 dicto
946 1077 1043 1141 instro
1054 1090 1184 1143 contenta
1194 1088 1211 1139 ¹.

185 1194 269 1256 ¹044·
288 1184 368 1253 Item,
378 1177 464 1258 quod.
478 1177 515 1240 al.
531 1177 741 1240 instrumentum
749 1176 793 1260 (ut
807 1176 892 1259 989),
908 1175 956 1239 die
969 1192 1015 1240 ιχ·
1029 1175 1136 1241 mensis
1147 1193 1213 1239 mar·

139 1274 185 1348 eii,
201 1275 345 1337 continens
361 1274 518 1355 homagium
533 1274 626 1355 ligium
646 1274 790 1357 prestitum
808 1293 860 1357 pet
880 1274 1059 1357 Stephanum
1083 1271 1212 1359 Lyohardi

139 1371 314 1436 domicellum
333 1370 413 1432 dom⁰
426 1384 523 1433 nostro
537 1370 680 1452 dalphino.

184 1472 367 1549 1045.ltem,
392 1467 478 1549 quod.
504 1468 716 1530 instrumentum
743 1466 876 1549 scriptum
907 1486 995 1531 manu
1015 1464 1124 1530 llumb¹
1142 1463 1213 1529 Pilati

139 1580 199 1629 not.
223 1566 291 1647 pub.
310 1565 361 1629 suh
374 1584 447 1628 anno
465 1564 518 1627 oni
543 1570 822 1642 M⁰CCC⁰XXXVH⁰,
834 1564 920 1651 indic.
943 1577 988 1642 v·,
1008 1564 1057 1629 die
1070 1561 1214 1626 vumeusis

141 1664 247 1747 aprilis,
270 1664 415 1727 continens
439 1663 597 1745 homagium
628 1664 722 1746 ligium
748 1663 852 1727 iactum
872 1682 924 1746 per
940 1669 1062 1727 Petrum
1083 1659 1215 1746 Rovoyrie

144 1763 223 1825 dom⁰
238 1762 392 1825 Humberto
406 1761 537 1842 dalphino
556 1774 585 1825 et
600 1762 823 1845 recognicionem
834 1761 985 1844 peripsum
996 1768 1036 1825 P.
1046 1758 1215 1842 iactam(de)

146 1862 230 1924 domo
245 1881 294 1924 sua
308 1859 371 1923 lorti
393 1859 428 1921 de
446 1858 595 1942 Bulreyres
608 1878 672 1921 cum
685 1878 736 1921 sua
748 1858 935 1939 juridictione,
951 1857 1098 1941 nec(non)
1110 1871 1142 1922 et
1152 1875 1217 1938 quo·

146 1959 237 2022 rumd.
256 1957 412 2019 reddituum
434 1968 462 2018 et
475 1975 567 2018 rerum
584 1974 656 2037 quos
676 1970 705 2019 et
723 1976 793 2038 quas
806 1954 972 2038 recognovit
984 1968 1088 2019 tenere
1108 1975 1128 2018 a
1145 1954 1215 2019 dom

146 2068 242 2118 nostro
256 2052 382 2134 predicto
395 2052 447 2115 suh
460 2052 536 2115 dicto
553 2052 682 2134 homagio
696 2064 720 2115 ².

188 2151 272 2229 1046.
297 2156 376 2225 ltem,
404 2149 491 2230 quod.
507 2148 585 2231 publ.
611 2149 822 2213 instrumentum
852 2150 896 2234 (ut
907 2150 1050 2234 prm),
1075 2150 1123 2214 die
1136 2160 1215 2213 xxuu

145 2246 246 2309 mensis
259 2245 386 2326 januarii,
402 2246 548 2309 continens
562 2247 649 2329 quod.
663 2245 741 2311 dom.
758 2248 899 2311 lohannes
910 2247 1067 2312 Chandiaci
1083 2245 1215 2323 dominus,

143 2358 307 2427 procurator
320 2358 350 2407 ut
362 2343 473 2407 dicebat
488 2344 588 2407 nobilis
604 2345 684 2407 dom⁰
701 2344 731 2408 d.
748 2345 858 2408 Sebillie
867 2345 904 2409 de
918 2345 1041 2424 Palude,
1055 2344 1168 2409 domine
1184 2343 1214 2407 de

142 2442 336 2519 Richimontis,
351 2441 409 2521 ejus
440 2441 545 2518 uxoris,
573 2442 626 2505 sub
651 2442 781 2505 convicta
798 2462 919 2524 persona
937 2443 1066 2524 ejusdem
1079 2443 1214 2508 contum

140 2541 191 2603 fuit
202 2540 277 2622 quod
290 2540 349 2622 ipsa
365 2539 441 2601 dom.
459 2540 570 2602 Sebillia
579 2551 657 2603 tenet
668 2539 704 2604 ab
717 2540 753 2602 ill¹
767 2540 892 2622 principe
901 2539 978 2603 dom.
994 2538 1215 2605 llumbertodal·

142 2638 381 2719 phinoviennensi
396 2636 472 2700 etde
489 2637 573 2699 leudo
598 2637 684 2719 ipsius
708 2657 745 2700 xv
762 2638 846 2700 libras
859 2638 997 2702 bonorum
1018 2639 1159 2702 viennen.
1172 2656 1215 2700 an·

141 2735 237 2797 nuales
247 2755 315 2817 quas
330 2735 447 2817 percipit
457 2735 485 2796 in
500 2735 696 2799 mandamento
716 2735 909 2812 Richimontis,
928 2735 1014 2799 videl.
1038 2736 1149 2799 invilla
1163 2742 1216 2799 Pu·

142 2833 233 2896 bliana
260 2845 288 2895 et
306 2833 445 2896 territorio
464 2832 600 2913 ejusdem,
624 2846 652 2897 et
671 2853 722 2916 pro
742 2832 823 2896 dictis
838 2852 876 2895 xv
897 2832 975 2896 libris
988 2832 1067 2896 dicta
1093 2833 1172 2897 dom¹
1191 2844 1217 2895 et

142 2928 259 2992 heredes
274 2948 340 2991 suos
352 2930 440 2992 teneri
457 2931 491 2992 ad
506 2930 665 3012 homagium
680 2930 774 3012 ligium
784 2930 875 2994 eidem
889 2930 966 2993 dom.
984 2928 1132 3012 dalphino,
1147 2929 1217 2993 salua

141 3025 273 3089 fidelitate
287 3025 395 3089 comitis
418 3027 580 3107 sabaudie;
603 3027 749 3090 continens
772 3027 854 3090 etiam
878 3025 1126 3090 confirmacionem
1149 3027 1217 3091 dicte

143 3122 346 3205 recognicionis
359 3143 410 3205 per
424 3124 525 3186 dictam
539 3125 617 3189 dom.
635 3124 767 3187 sibillam.

186 3228 369 3300 1047.nem,
398 3221 485 3302 quod.
507 3221 585 3302 publ.
616 3221 828 3284 instrumentum
843 3219 977 3304 scriptum
1003 3240 1091 3286 manu
1120 3221 1216 3286 Humh'

144 3319 224 3383 Pilati
238 3331 298 3381 not.
323 3318 390 3400 pub.
403 3318 454 3380 sub
465 3337 538 3380 anno
551 3317 604 3379 [hii
619 3325 917 3395 M0CCC⁰xxxvlll⁰‚
932 3318 1020 3382 indic.
1035 3331 1093 3397 vu,
1108 3319 1156 3383 die
1167 3337 1217 3383 xxx

143 3416 244 3479 mensis
259 3415 365 3492 marcii,
381 3414 526 3477 continens
537 3413 613 3496 quod
627 3414 727 3478 nobilis
751 3414 914 3477 domicellus
928 3413 1103 3479 Humbertua
1116 3421 1218 3499 Breys·
1252 3454 1256 3465 .

143 3527 205 3577 sent
217 3514 360 3577 confessus
373 3511 424 3573 fuit
444 3524 472 3573 et
495 3510 605 3591 publice
619 3511 795 3592 recognovit,
810 3510 846 3575 ad
860 3511 1024 3575 instanciam
1042 3511 1119 3576 dom²
1137 3520 1218 3575 Hum-

143 3611 214 3674 berti
231 3609 363 3692 dalphini,
380 3628 409 3672 se
416 3621 512 3671 tenere
523 3621 551 3670 et
563 3620 660 3670 tenere
673 3608 746 3671 velle
759 3621 789 3672 et
803 3608 907 3673 debere
916 3607 945 3671 in
954 3608 1072 3671 feudum
1082 3610 1214 3684 francum,

133 3708 236 3773 ¹nobile
247 3721 275 3770 et
289 3707 421 3789 antiqum,
438 3704 515 3769 etde
529 3705 613 3768 leudo
626 3705 734 3782 franco,
749 3704 818 3769 nob.
833 3718 933 3771 etant.
947 3705 1016 3770 dicti
1034 3705 1068 3771 d,
1097 3704 1214 3789 dalphiui

143 3804 179 3867 ad
192 3804 348 3886 homagium
361 3802 455 3884 ligium
475 3815 503 3866 et
518 3802 571 3867 suh
587 3802 716 3884 homagio
730 3802 779 3885 lig.
795 3802 919 3867 debitum
947 3816 976 3867 et
997 3803 1071 3867 deb⁰
1091 3804 1168 3869 dicto
1185 3800 1211 3865 d.

184 4051 206 4089 1.
222 4031 260 4086 Eu
274 4048 308 4088 m.
323 4029 425 4089 Bastida
437 4032 462 4088 S¹
476 4022 611 4090 Marcellini
620 4032 794 4091 Batoniarum.
810 4063 844 4075 -
859 4048 884 4089 a.
899 4032 938 4087 lin
951 4050 987 4089 m.
1002 4035 1153 4108 Hugonetus
1165 4034 1211 4102 Ray

145 4105 176 4163 de
189 4102 331 4162 Morestello
346 4112 413 4161 tenet
426 4102 487 4163 diet.
504 4105 619 4177 domum,
634 4103 727 4163 sciatur
739 4103 760 4161 si
774 4103 832 4162 lecit
845 4100 996 4177 homagium.
