2716 4784
102 545 167 605 160.
189 552 267 620 Item,
283 548 369 627 quod.
385 547 596 607 instrumentum
620 558 761 624 receptum
777 565 860 607 manu
884 547 927 626 (ut
949 549 1028 628 157),
1045 550 1133 611 conti-

56 659 126 703 nens
140 643 299 724 homagium
312 645 406 725 ligium
429 645 537 705 Gononi
563 643 718 704 Rancurelli
733 644 768 704 de
783 651 859 705 Mota
873 656 900 705 et
916 645 1131 724 assignationem

57 737 108 799 sibi
124 738 225 801 laetam
241 739 287 800 diu
305 740 408 820 lapsam
425 739 461 801 ad
477 759 643 819 recognosc.
660 739 787 820 particul.
805 753 833 801 et
847 739 940 802 distin.

103 835 168 898 161.
194 843 272 912 Item,
298 838 384 917 quod.
410 825 488 898 aliud'
510 837 721 898 instrumentum
751 849 1005 920 receptumpflmanu
1033 837 1133 899 llumb¹

59 930 152 1007 Pilati,
172 933 223 995 sub
239 952 312 995 anno
334 934 388 994 Dr‘ri
406 939 654 1007 m⁰111cxxxvll⁰,
680 933 724 994 die
750 947 779 992 x³
801 933 962 1009 novenbris,
990 936 1134 1014 continens

57 1017 218 1108 homagium
240 1043 268 1092 et
291 1030 510 1110 recognitionem
531 1029 603 1091 domi
629 1028 738 1091 Girardi
759 1043 786 1091 et
810 1030 873 1110 (leg.
901 1031 951 1112 de)
976 1032 1130 1093 Temiaco¹

56 1124 163 1186 factum
180 1126 293 1191 domino
311 1140 408 1191 nostro
429 1127 582 1189 llumberto
599 1126 730 1207 dalphino
752 1139 781 1187 et
802 1126 829 1187 in
855 1147 910 1207 quo
937 1129 1011 1190 dom.
1040 1142 1135 1191 noster

58 1220 209 1302 dalphinus
223 1224 312 1287 eidem
325 1226 464 1288 concessit
478 1225 506 1285 in
520 1224 632 1287 feudum
649 1224 782 1306 quidquid
800 1224 873 1285 idem
896 1225 972 1286 dom.
989 1227 1134 1307 dalphinus

57 1319 181 1383 habebat
193 1321 222 1382 in
234 1321 342 1404 bastida
354 1323 390 1384 de
407 1322 600 1385 Funxcheria²
616 1322 686 1384 etin
702 1335 761 1384 toto
775 1321 913 1384 territorio
929 1323 996 1384 Belli
1014 1323 1133 1404 Regardi

58 1430 89 1478 et
102 1417 131 1504 in
148 1418 253 1496 juribus
267 1421 407 1501 acquisitis
418 1439 469 1501 per
483 1440 546 1483 eum
570 1441 586 1481 a
611 1420 737 1482 iohanne
753 1420 788 1481 de
815 1420 922 1498 Podio;
940 1422 1014 1502 quod
1040 1423 1135 1482 homa-

57 1514 135 1595 gium
150 1518 269 1595 prestitit
288 1517 378 1580 dictus
401 1517 477 1580 dom.
508 1517 640 1578 Girardus
666 1517 750 1578 salvis
773 1518 908 1598 homagiis
931 1519 1003 1579 dom‘
1027 1518 1134 1581 comitis

58 1610 252 1675 Gebennensis
265 1628 294 1676 et
305 1613 409 1676 domini
425 1614 595 1695 Fucigniaci.

105 1709 567 1792 162.1tem,qued.instmmema
590 1724 618 1772 et
640 1711 734 1772 lictere
748 1711 827 1773 simul
851 1712 998 1791 conjuncta
1018 1727 1135 1775 ercon-

52 1805 165 1884 juncte,
183 1808 316 1872 facientes
343 1811 517 1872 mencionem
533 1808 675 1889 quomodo
688 1809 912 1890 archiepiscopus
932 1810 1094 1871 Viennensis
1107 1822 1136 1870 et

58 1906 210 1986 capitulum
234 1905 269 1967 de
294 1907 425 1967 Romanis
447 1906 585 1967 dederunt
608 1919 727 1967 castrum
749 1905 784 1966 de
801 1906 953 1967 Pisansano
972 1920 1000 1968 et
1022 1907 1134 1969 domum

56 2001 172 2074 lortem,
188 2003 263 2084 quod
286 2017 314 2064 et
328 2023 381 2085 que
395 2004 513 2065 condam
525 2000 588 2064 'luit
602 2002 675 2063 dom¹
691 2001 830 2063 Lamberti
853 2003 888 2063 de
905 2003 1030 2077 Cabiolo,
1057 2004 1135 2064 dom⁰
1168 2079 1170 2083 Α
1189 2039 1192 2044 -

60 2099 217 2162 llumberto
229 2099 265 2161 de
280 2107 368 2162 Turre
380 2100 493 2161 domino
508 2099 543 2160 de
559 2098 720 2176 coloniaco,
733 2113 847 2180 propter
857 2099 1035 2162 rebellionem
1052 2120 1134 2181 quam

57 2192 166 2256 lecerat
185 2195 275 2258 dictus
290 2197 453 2259 Lambertus
468 2209 564 2258 contra
578 2196 734 2270 ecclesiam,
758 2210 785 2257 et
799 2197 940 2277 quomodo
966 2197 1016 2259 luit
1035 2198 1135 2260 missus

57 2291 87 2353 in
112 2293 316 2372 possessionem
346 2293 518 2374 corporalem
547 2293 613 2355 dicti
638 2292 732 2367 castri,
763 2306 793 2354 et
816 2293 900 2354 multa
921 2293 973 2354 alia
995 2294 1023 2355 in
1055 2294 1135 2356 dictis

57 2389 159 2451 litteris
174 2391 351 2453 continentur
363 2391 492 2453 facientia
509 2390 543 2451 ad
559 2389 805 2452 consecracionem
822 2389 920 2468 jurium
935 2390 1001 2451 dicti
1017 2393 1100 2452 castri
1112 2405 1132 2451 ³.

104 2487 170 2562 163.
193 2495 273 2564 ltem,
298 2487 384 2569 quod.
405 2487 478 2549 aliud
502 2487 713 2549 instrumentum
737 2485 868 2566 scriptum
892 2505 974 2547 manu
999 2487 1073 2547 Petri
1100 2486 1135 2548 de
1209 2499 1214 2506 ⁴

56 2583 151 2648 lornis
166 2584 276 2660 notarii,
293 2584 345 2646 sub
358 2603 432 2646 anno
451 2590 589 2645 lucamat.
607 2583 661 2643 Diti
676 2589 885 2658 m⁰111cxxlx⁰,
904 2581 949 2643 die
975 2601 1011 2643 xv
1034 2583 1136 2645 mensis

58 2680 195 2756 octobris,
212 2681 357 2765 pontinens
371 2680 445 2762 quod
460 2680 599 2742 lohannes
612 2679 735 2760 Capiclin
750 2679 786 2740 de
801 2680 939 2759 Lugduno
954 2680 1096 2760 aquiriavit
1108 2693 1135 2742 et
1181 2730 1185 2735 ,
1273 2722 1274 2725 ¹

57 2777 189 2841 liberavit
214 2778 337 2858 plenarie
363 2778 439 2839 dom.
472 2776 627 2858 Guigonem
660 2776 818 2856 dalphinum
848 2776 922 2837 bone
946 2777 1078 2838 memorie
1100 2776 1136 2838 de

59 2877 160 2937 vfflm
181 2874 258 2938 libris
274 2873 423 2950 viennen,
447 2886 607 2955 computato
629 2879 742 2934 Turono
767 2892 866 2954 grosso
880 2892 931 2954 pro
957 2893 975 2934 n
999 2874 1081 2936 solid.
1108 2886 1136 2934 et

59 2992 87 3033 vr
106 2972 205 3035 denar.

103 3072 170 3150 164.
195 3077 272 3147 ltem,
289 3070 374 3152 qued.
398 3071 488 3132 littera
508 3062 563 3130 sex¹
576 3069 671 3149 sigillis
692 3069 780 3131 cereis
804 3069 983 3150 impendenti
1003 3069 1131 3149 sigillata,

57 3168 163 3249 scripta
186 3167 238 3230 sub
263 3185 336 3229 anno
363 3167 417 3228 [mi
439 3172 643 3241 meltcnxvlu,
667 3166 811 3228 continens
836 3166 1014 3228 concordiam
1033 3166 1134 3227 laetam

57 3265 134 3330 inter
159 3265 236 3326 dom.
262 3265 417 3345 Guigonem
442 3262 601 3344 dalphinum
626 3262 821 3338 Viennensem,
848 3283 883 3324 ex
909 3282 963 3323 una
988 3275 1077 3342 parte,
1108 3273 1136 3321 et

57 3361 169 3424 nobiles
183 3361 258 3423 viros
273 3361 350 3422 dom.
368 3359 539 3422 Arthaudum
561 3359 596 3421 de
618 3359 782 3420 Rossillione
801 3372 829 3421 et
856 3358 1029 3419 Guillelmum
1049 3356 1133 3417 lilium

57 3461 132 3540 ejus,
148 3479 183 3520 ex
196 3459 292 3534 altera,
309 3477 392 3538 super
405 3472 498 3520 castro
517 3457 622 3538 Ruppis
641 3457 677 3517 de
702 3457 800 3538 Cluey,
816 3468 845 3517 et
861 3455 913 3516 fuit
936 3452 1134 3515 concordatum
1184 3509 1187 3516 .

58 3575 111 3638 per
127 3555 220 3636 plures
233 3543 340 3616 nobiles
352 3555 519 3616 mediatores
533 3554 604 3615 inter
617 3553 705 3614 dictas
720 3565 813 3632 partes
832 3549 906 3631 quod
922 3551 1015 3611 dictus
1026 3549 1137 3611 Guillel

58 3673 123 3714 mus
140 3652 175 3714 de
190 3652 354 3714 Rossillione
373 3664 482 3713 teneret
501 3650 605 3712 dictum
626 3661 757 3724 castrum,
776 3647 906 3728 quamdiu
927 3661 999 3708 esset
1020 3647 1047 3708 in
1061 3647 1138 3709 mali-

56 3751 184 3814 volentia
203 3749 345 3832 Ay(mari)
369 3748 405 3810 de
421 3749 556 3823 Pictavia,
582 3759 610 3808 et
631 3746 720 3826 ipsum
749 3757 890 3806 teneretur
915 3744 1033 3806 reddere
1060 3745 1135 3807 dicto

56 3848 139 3910 dom.
156 3846 288 3926 dalphlno
302 3846 414 3928 quando
428 3865 478 3926 per
493 3865 556 3907 eum
570 3843 615 3906 vel
628 3862 707 3904 suum
723 3853 931 3922 procuratorem
945 3841 1137 3922 fueritrequi-

54 3945 141 4008 situs.

99 4095 122 4132 t.
135 4079 168 4132 Aa
180 4073 314 4132 Trimiaco.
331 4107 364 4115 -
380 4092 404 4130 2.
420 4075 458 4128 En
470 4093 502 4128 m.
519 4078 539 4127 A
555 4069 699 4127 Funcherie.
716 4101 749 4111 -
766 4087 790 4142 3.
803 4070 840 4124 En
855 4087 887 4126 m.
901 4072 922 4124 Α
936 4071 1047 4125 Donacio
1061 4067 1135 4124 castri

51 4150 88 4207 de
103 4145 257 4203 Pisanciano
281 4147 345 4202 lacta
368 4144 478 4202 domino.
