2716 4784
597 405 756 484 -5a-

138 536 279 599 meliorem
292 550 321 600 et
334 537 482 600 forciorern
494 535 561 599 dieti
575 535 628 599 loci
643 536 808 614 ;eontinens
833 537 922 600 mam
947 538 1113 619 homagium
1125 538 1204 622 ligium

137 633 240 696 lactum
255 653 305 714 per
320 634 388 697 dict.
405 633 547 696 dominum
563 632 738 696 clarimontis
745 633 822 696 dicto
836 633 913 696 dom.
931 634 1080 716 dalphino.
1215 644 1218 651 '

179 747 248 810 ²9³·
270 737 349 805 ltem,
374 730 461 812 quod.
477 730 596 792 vidimus
621 730 766 792 continens
784 730 996 811 productionem
1021 733 1138 796 testium
1152 752 1208 814 pro

138 825 283 889 ductorum
298 825 435 907 perbone
450 826 583 889 memorie
597 826 756 909 synardum
769 827 807 888 de
818 826 998 891 claromonte
1018 843 1122 893 contra
1142 830 1207 892 dom.

140 930 287 1004 Hugonem
300 924 336 986 de
350 930 440 987 Turre
454 924 585 998 condam,
602 942 686 1004 super
699 923 896 1005 recognitione
918 925 1049 989 facienda
1064 928 1209 1008 peripsum

138 1025 191 1101 hy.
208 1019 284 1082 dicto
303 1020 382 1083 ἀοιηο
406 1029 482 1104 Hug.
512 1021 548 1083 de
567 1020 704 1084 contentia
719 1020 749 1083 in
765 1020 825 1102 ipsa
847 1021 955 1098 lietera,
978 1024 1035 1086 sub
1062 1043 1140 1087 anno
1166 1024 1210 1086 nli

140 1121 328 1181 M0111⁰xlx⁰.

181 1233 248 1295 294.
268 1222 347 1292 ltem,
360 1216 447 1297 quod.
462 1216 500 1278 al.
515 1215 727 1278 instrumentum
736 1213 839 1277 lactum
848 1233 931 1276 manu
944 1215 1085 1278 iohannis
1101 1217 1211 1279 Bouardi

139 1311 250 1388 notarii,
279 1311 331 1373 sub
359 1331 432 1373 anno
465 1313 518 1374 Dr'ri
537 1318 764 1387 uoccculvw,
785 1310 871 1372 indic.
890 1324 950 1386 xv²,
973 1311 1021 1374 die
1034 1323 1088 1375 ιω
1115 1313 1211 1394 aprilis,

138 1407 283 1470 continens
313 1408 387 1488 quod
414 1409 490 1472 dom.
520 1409 668 1484 roffredus,
699 1407 828 1470 dominus
842 1406 1032 1484 clarimontis,
1053 1409 1214 1491 recognovit

136 1519 233 1567 tenere
257 1518 378 1566 castrum
392 1503 427 1567 de
458 1505 567 1568 Viriaco
589 1524 652 1567 cum
671 1503 731 1583 ejus
756 1503 963 1579 mandamento,
982 1517 1013 1566 et
1040 1518 1167 1568 castrum
1182 1506 1213 1566 de

140 1600 296 1662 Peladruco
324 1619 387 1662 cum
410 1602 470 1681 ejus
484 1602 692 1674 mandamento,
723 1607 854 1663 Sanctum
870 1601 1041 1681 Stephanum
1062 1603 1102 1667 de
1124 1603 1214 1666 volum

139 1717 202 1761 cum
226 1697 372 1778 parrochia
387 1697 453 1760 dicti
473 1698 526 1761 loci
557 1712 586 1760 et
606 1697 780 1779 parrochiam
803 1697 896 1760 Sancti
928 1699 1062 1760 Germani
1089 1700 1127 1763 de
1151 1707 1215 1762 cor·

139 1814 260 1871 morasa,
272 1794 395 1876 exceptis
422 1794 473 1857 hiis
497 1814 551 1876 que
570 1794 687 1857 ecclesia
700 1794 864 1858 Viennensis
880 1794 965 1859 habet
994 1795 1025 1857 in
1045 1795 1132 1860 dictis
1154 1816 1214 1878 par·

139 1892 241 1956 rochiis
269 1893 306 1955 de
327 1891 411 1955 leudo
443 1893 516 1954 dom¹
542 1891 664 1973 dalphini
699 1891 873 1968 Viennensis,
904 1905 933 1954 et
964 1890 1033 1956 lecit
1061 1893 1214 1976 homagium

139 1990 232 2072 ligium
246 2004 274 2052 et
286 1989 427 2053 fidelitatis
440 1990 559 2071 prestitit
570 1990 764 2069 iuramentum.

180 2105 249 2167 ²95·
283 2094 369 2162 ltem,
392 2087 478 2167 quod.
503 2087 540 2149 al.
574 2087 786 2148 instrumentum
807 2084 939 2166 scriptum
960 2104 1047 2146 manu
1086 2086 1214 2149 Guillelmi

142 2182 306 2246 Mercatoris
322 2182 421 2244 notarii
434 2183 526 2264 publ,
545 2182 597 2245 sub
609 2202 684 2244 anno
700 2181 979 2263 M0110Lx(x)vlll⁰,
994 2180 1085 2244 indic.
1101 2197 1154 2259 vl²,
1170 2192 1214 2244 un⁰

139 2279 202 2341 idus
217 2279 295 2359 junii,
311 2279 456 2342 continens
473 2281 547 2361 quod
569 2279 734 2354 Richardus,
760 2277 832 2340 tilius
846 2278 986 2360 quondam
994 2279 1073 2341 dom¹
1091 2281 1215 2362 Guigonis

141 2377 271 2440 Richardi
287 2377 323 2439 de
336 2378 444 2439 sareria
459 2377 561 2449 militis,
581 2377 746 2459 recognovit
758 2377 838 2438 dome
857 2375 988 2450 Beatrici,
1015 2376 1170 2442 Viennensi
1191 2390 1215 2439 et

105 2540 109 2548 ,
139 2474 254 2537 Albanis
276 2475 416 2536 comitisse
440 2488 469 2536 et
490 2475 601 2536 domine
631 2473 801 2555 Fucigniaci,
833 2471 976 2554 recipienti
1004 2473 1125 2536 nomine
1149 2471 1212 2535 dom‘

139 2572 272 2635 lobannis
288 2572 410 2654 dalphini
424 2570 472 2633 filii
482 2572 536 2647 sui,
547 2572 687 2652 quandam
701 2569 909 2633 domum-sitam
922 2569 998 2651 apud
1015 2570 1211 2633 Malamvallem

140 2687 203 2730 cum
220 2668 311 2730 multis
337 2668 494 2730 hominibus
519 2680 547 2730 et
575 2668 659 2730 rebus
682 2668 711 2729 in
736 2666 798 2746 ipso
820 2665 1006 2728 instrumento
1023 2667 1210 2730 nominatiset

140 2762 344 2825 continentibus
355 2763 388 2824 ·in
404 2778 495 2826 castro
511 2764 674 2841 Malevallis,
691 2778 719 2826 et
744 2763 845 2844 juravit
860 2763 951 2826 dictus
979 2763 1142 2828 Richardus
1164 2781 1212 2827 esse

140 2856 231 2919 bonus
244 2871 272 2920 et
290 2856 380 2921 fidelis
407 2860 575 2923 feudatarius
597 2860 688 2922 eidem
703 2860 780 2921 dom⁰
798 2859 932 2940 dalphini,
955 2873 983 2922 et
1005 2862 1137 2942 predicta
1157 2859 1210 2924 iecit

141 2954 208 3017 dict.
226 2954 379 3017 Richardus
392 2956 503 3019 nomine
526 2977 576 3019 suo
591 2971 619 3020 et
634 2956 799 3019 Guillelmeti
810 2956 869 3037 ejus
882 2954 985 3018 fratris.

182 3052 250 3132 296.
266 3059 345 3128 ltem,
360 3043 671 3135 quodinstrumentum
683 3055 726 3135 (ut
742 3054 824 3135 292),
839 3053 985 3116 continens
1002 3055 1209 3136 recognitionem

33 3173 41 3192 ¹
141 3149 263 3233 hynardi
285 3151 388 3214 domini
417 3152 591 3214 clarimontis
614 3152 716 3214 factam
741 3152 819 3213 dom⁰
849 3151 981 3231 dalphino
1010 3165 1167 3214 castrorum
1183 3149 1209 3208 de

142 3247 261 3324 viriaco,
287 3249 322 3311 de
337 3248 503 3326 Peladruco,
522 3248 729 3329 parrochiarum
749 3248 784 3309 de
799 3247 897 3310 Volum
923 3259 952 3308 et
973 3247 1070 3309 Sancti
1095 3241 1208 3310 Germani

142 3359 170 3408 et
181 3346 243 3408 Alte
266 3346 366 3427 Rippe,
391 3346 649 3408 mandamentorum
680 3357 708 3406 et
729 3343 931 3405 territoriorum
954 3343 1133 3419 eorumdem,
1157 3342 1208 3402 item

142 3444 296 3507 medietatis
323 3444 422 3505 domus
443 3443 522 3505 fortis
540 3444 576 3504 de
596 3441 708 3517 Diviso,
733 3440 880 3504 continens
909 3438 997 3502 eciam
1021 3439 1077 3503 aha
1105 3437 1207 3522 quedam

142 3554 222 3620 pacta
237 3540 330 3603 habita
343 3541 509 3621 interipsos.

183 3655 250 3718 297.
269 3646 348 3715 Item,
363 3637 449 3720 quod.
465 3637 677 3699 instrumentum
701 3633 833 3714 scriptum
860 3651 943 3694 manu
971 3630 1076 3693 Humb¹
1091 3630 1167 3694 Pilati
1181 3626 1207 3687 de

145 3737 263 3799 Buxeria
291 3751 365 3814 not,
380 3737 435 3824 'sub
460 3755 534 3797 anno
552 3734 606 3796 Diri
636 3720 877 3806 m⁰111⁰xxxlxg
907 3729 990 3791 indit.
1023 3742 1090 3805 vu2,
1117 3729 1159 3790 die
1176 3736 1207 3785 111²
1252 3784 1254 3805 2

143 3834 245 3896 mensis
259 3834 365 3910 marcii,
382 3833 528 3896 continens
542 3831 773 3912 permutationem
786 3829 888 3891 factam
900 3827 937 3889 de
951 3839 1045 3891 castro
1064 3826 1102 3889 de
1117 3826 1204 3906 Rippm
1252 3864 1254 3921 5

144 3930 273 4014 dyocesis
289 3929 512 4010 Gracionopolis,
530 3947 580 4008 per
599 3927 676 3988 dom.
691 3926 838 3987 Girardum
862 3925 898 3987 de
911 3923 982 4004 Anio
995 3922 1111 3985 nomine
1132 3927 1205 3984 suoet
1252 3926 1254 3931 '

145 4027 250 4103 uxoris,
265 4040 293 4088 et
309 4026 344 4087 de
358 4026 486 4088 omnibus
502 4024 608 4105 juribus
635 4023 740 4085 eisdem
764 4022 929 4104 conjugibus
953 4019 1170 4102 competentibus
1183 4013 1203 4073 in

145 4137 237 4188 castro
251 4123 287 4185 de
303 4121 424 4199 Tollino,
451 4121 487 4183 de
516 4120 593 4183 Bello
606 4119 748 4184 crescenti
762 4133 792 4183 et
807 4117 842 4182 de
858 4127 972 4201 Vourey
986 4132 1015 4181 et
1028 4117 1058 4181 in
1071 4131 1129 4181 tota
1144 4115 1203 4178 lere·
