2716 4784
589 424 768 485 -124-
875 409 879 415 '

172 541 241 618 694·
261 546 340 614 Item,
364 538 449 619 quod.
471 538 683 600 instrumentum
706 535 748 617 (ut
774 535 858 618 629),
889 535 1039 597 continens
1065 533 1211 614 homagium

137 636 229 719 ligium
244 635 388 717 prestitum
399 654 449 715 per
463 641 576 696 Petrum
592 633 698 715 Poyaci
712 646 740 695 et
753 632 939 695 terminum...

178 734 248 814 695.
262 740 341 808 ltem,
363 731 448 812 quod.
468 731 546 812 publ.
561 731 774 792 instrumentum
793 729 836 810 (ut
849 728 936 810 627),
956 726 1110 790 continens
1127 729 1209 789 homa·
1242 800 1245 805 ,

138 830 212 912 giurn
232 829 376 910 prestitum
396 847 446 908 per
475 827 594 889 nobilem
604 827 764 888 -uohannen
785 825 820 887 de
846 832 939 887 Darna
957 824 994 887 de
1019 825 1125 887 Triviis
1145 824 1208 885 dom

136 924 268 1005 dalphino
295 937 323 985 et
343 924 565 1010 recogniciopem
588 918 638 1004 per
658 942 721 984 eum
746 922 846 984 factam
868 921 981 984 nomine
1007 941 1061 984 suo
1088 935 1117 984 et
1145 926 1208 983 ιιοιιε

134 1020 264 1082 Chaberti
272 1020 306 1082 de
323 1028 426 1096 Darna,
445 1020 491 1082 frlii
508 1020 626 1082 condam
646 1019 805 1081 Heustachii
831 1019 866 1081 de
897 1026 1004 1096 Darna,
1031 1017 1069 1080 de
1091 1017 1142 1080 hiis
1167 1035 1208 1098 que

134 1117 267 1180 tenebant
279 1118 306 1178 in
324 1117 435 1179 Triviis.

173 1215 242 1297 696.
271 1222 350 1290 ltem,
377 1215 463 1297 quod.
491 1215 567 1295 publ.
599 1216 811 1278 instrumentum
832 1212 973 1295 (maza),
998 1211 1045 1274 die
1076 1225 1205 1274 immons.

42 1342 45 1346 ·
132 1313 259 1394 januarii,
285 1312 428 1373 continens
442 1312 600 1392 homagium
617 1312 761 1394 prestitum
778 1311 856 1373 dom⁰
872 1310 1005 1392 dalphino
1027 1328 1080 1391 per
1105 1308 1206 1371 Guillel-

137 1430 211 1472 mum
227 1407 341 1470 hlbares
355 1421 383 1469 et
398 1408 583 1471 terminum...

174 1507 244 1588 697.
266 1513 345 1581 ltem,
361 1505 447 1586 quod.
465 1505 676 1568 instrumentum
699 1506 741 1588 (ut
754 1505 839 1588 668),
857 1504 903 1567 die
920 1517 963 1566 ιιιΙ
974 1523 1068 1567 mens.
1096 1501 1207 1584 januarii,

134 1604 279 1670 continens
299 1604 456 1684 homagium
468 1604 561 1685 ligium
578 1604 677 1667 nobilis
699 1605 824 1685 Hugonis
838 1603 874 1665 de
890 1601 979 1664 Millel
991 1615 1021 1664 et
1032 1601 1206 1664 terminum...

174 1706 242 1784 698.
261 1711 340 1779 ltem,
357 1702 442 1783 quod.
458 1703 536 1783 publ.
552 1704 764 1766 instrumentum
779 1702 926 1783 sigillatum
950 1701 977 1762 in
1002 1700 1138 1782 pendenti
1151 1719 1220 1781 qua.

134 1817 198 1866 tuor
214 1802 319 1883 sigillis,
338 1801 468 1881 scriptum
487 1814 515 1862 et
530 1800 668 1881 signatum
691 1820 773 1862 manu
800 1798 936 1861 Guillelmi
959 1797 995 1860 de
1013 1799 1102 1860 Lucio
1126 1795 1210 1859 notarii

117 1892 120 1897 ’
139 1900 228 1981 publ,
248 1899 299 1961 sub
326 1916 398 1959 anno
422 1883 478 1958 Diri
496 1902 712 1973 tl⁰cc0ux111⁰,
727 1896 824 1959 indict.
841 1895 957 1977 quimta,
972 1913 1011 1956 xv
1024 1893 1140 1957 kalend.
1154 1892 1208 1973 julii,

135 1997 279 2059 continens
305 1995 539 2076 permutacionem
558 1994 658 2056 factam
684 1994 719 2056 de
736 2007 828 2055 castro
841 1991 1012 2054 Cassenatici
1030 2005 1058 2054 et
1092 1989 1210 2054 Ysaronis

136 2092 213 2154 dom⁰
226 2092 346 2172 Guigoni
358 2092 486 2171 dalphino
507 2106 535 2154 et
553 2092 617 2174 (leg.
632 2092 697 2173 per)
710 2093 817 2153 Floram
832 2090 914 2152 filiam
936 2089 1051 2172 hymari
1064 2087 1102 2152 de
1123 2095 1211 2152 Casse-

135 2189 239 2265 natico,
259 2208 372 2250 uxorem
392 2189 527 2250 Guillelmi
543 2188 676 2250 hrthaudi
690 2187 737 2249 filii
760 2188 878 2250 condam
901 2186 975 2249 dom¹
1006 2187 1086 2249 Petri
1107 2185 1209 2261 Ysaudi,

137 2306 201 2350 cum
216 2300 308 2348 castro
324 2285 426 2347 Montis
443 2285 515 2347 Clari
535 2285 611 2348 etde
625 2290 719 2347 Veroli
737 2298 757 2346 ¹.

176 2384 245 2466 699.
263 2383 435 2464 ltem,·qued.
449 2383 542 2445 lictere
559 2383 675 2464 sigillare
689 2382 718 2444 in
731 2381 863 2462 pendenti
878 2379 989 2442 duobus
997 2379 1110 2461 sigillis,
1122 2379 1210 2460 scripte

138 2500 211 2542 anno
229 2480 315 2543 Dirice
332 2481 446 2543 Nativit.
462 2486 679 2556 M⁰CC0XXXl⁰,
690 2480 787 2542 indict.
801 2498 866 2554 nna,
879 2480 934 2539 ιιιιό
943 2476 1060 2540 kalend.
1074 2477 1144 2557 julii,
1156 2495 1210 2539 con-

138 2577 229 2639 tinens
242 2577 431 2639 venditionem
449 2577 579 2638 mistralie
599 2577 762 2638 Bucurionis
788 2577 888 2638 iactam
914 2574 1039 2637 Berlioni
1056 2575 1095 2638 de
1109 2582 1211 2638 Castro-

138 2672 242 2755 no(vo)
257 2693 307 2754 per
321 2673 495 2735 Guillelmum
511 2672 636 2734 Chalvini
658 2686 686 2734 et
706 2673 880 2734 Hunbertum
903 2672 963 2751 ejus
980 2671 1110 2748 fratrem,
1137 2681 1164 2734 e't
1183 2669 1210 2732 de

139 2769 264 2851 pluribus
280 2770 338 2832 aliis
352 2771 435 2832 rebus
450 2770 578 2833 venditis.

182 2886 251 2944 700.
272 2874 350 2942 item,
366 2866 451 2948 qued.
470 2867 560 2928 littera
584 2867 702 2948 sigillata
719 2867 747 2928 in
769 2865 902 2948 pendenti
928 2865 1020 2947 sigillo
1036 2863 1211 2928 Guillelmide

143 2964 367 3039 lntermontibus,
383 2963 486 3025 domini
503 2964 569 3026 dicti
584 2964 637 3026 loci
655 2964 784 3040 condam,
801 2962 931 3044 scriptum
949 2963 1024 3043 apud
1044 2971 1152 3026 Murem
1170 2960 1212 3023 sub

141 3079 214 3120 anno
237 3059 324 3120 Ditice
341 3067 449 3122 lncarn.
468 3061 731 3134 M⁰cc0xxxl111⁰,'
745 3079 788 3121 v10
809 3059 921 3121 kalend.
936 3060 1060 3141 augusti,
1079 3061 1212 3123 continens

138 3155 213 3238 quod
231 3155 320 3218 dimus
335 3157 495 3219 Guillelmus
507 3159 541 3219 de
554 3158 767 3220 intermontibus
784 3157 884 3236 juravit
898 3157 974 3238 quod
989 3178 1006 3219 a
1019 3158 1099 3219 nullo
1113 3156 1213 3221 tenebat

137 3268 257 3317 castrum
267 3253 303 3316 de
317 3255 542 3330 lntermontibus,
559 3269 587 3317 et
598 3255 688 3335 ipsum
701 3269 821 3316 castrum
849 3274 911 3316 cum
940 3254 1000 3332 ejus
1024 3256 1212 3317 mandamento

138 3354 245 3434 accepit
258 3374 274 3415 a
291 3354 368 3415 dom⁰
383 3354 509 3435 Guigone
519 3353 650 3434 dalphino
663 3353 691 3415 in
705 3354 817 3416 feudum
834 3366 862 3416 et
877 3353 1007 3415 eumdem
1022 3354 1153 3436 promisit
1177 3352 1213 3432 ju-

138 3472 204 3515 vare
219 3453 253 3515 de
268 3452 423 3514 hominibus
438 3452 503 3514 dicti
517 3451 610 3514 castri.

165 3549 247 3627 ¹70¹·
267 3556 346 3624 Item,
371 3549 456 3630 quod.
487 3548 563 3629 publ.
581 3548 791 3609 instrumentum
807 3546 940 3627 scriptum
955 3566 1040 3609 manu
1057 3547 1164 3611 Alberti
1185 3543 1212 3606 de

140 3648 250 3729 Brayda
261 3647 358 3709 notarii
368 3646 445 3728 publ.
463 3645 514 3708 sub
529 3665 602 3708 anno
617 3645 704 3706 Driiee
717 3651 826 3705 lncarn.
843 3641 1212 3722 M0cc⁰xc⁰11110,scil.die

140 3743 234 3805 martis
243 3744 271 3805 in
281 3744 351 3806 festo
366 3743 572 3824 appostolorum
586 3741 660 3804 Petri
669 3755 698 3803 et
709 3740 798 3816 Pauli,
807 3740 1122 3822 continenshomagium
1132 3740 1211 3823 ligium

139 3840 282 3922 prestitum
299 3860 349 3920 per
362 3841 482 3903 nobilem
493 3839 636 3903 Atthenols
651 3838 686 3901 de
704 3845 782 3919 Buga
795 3837 861 3899 alias
873 3837 908 3899 de
930 3836 1025 3912 Briva,
1043 3836 1130 3900 filium
1150 3833 1210 3899 dom'

139 3939 250 4021 hymari
262 3939 297 4000 de
309 3938 391 4000 Briva
401 3939 504 4016 militis,
524 3939 604 4001 dom<>
623 3930 769 3999 Hunberto'
786 3935 918 4017 dalphino
932 3952 984 4015 per
998 3933 1065 4015 (leg.
1082 3936 1127 4019 et)
1141 3954 1210 3999 reto-

180 4159 218 4215 15·
234 4143 272 4197 En
287 4160 319 4199 nt.
336 4140 467 4214 Veyronis.
