2722 4770
479 464 485 473 .
583 395 760 473 -316-

136 529 182 592 vel
193 528 278 592 rebus
292 528 432 592 lamberti
452 528 590 592 Francisci
606 543 635 592 et
648 528 771 611 tmedey
783 528 819 592 de
831 529 948 605 Chatta,
967 525 1144 608 hmnagium
1160 524 1226 587 face

136 640 179 689 ret
192 626 286 708 ligium
299 640 356 689 tam
370 646 421 708 per
436 646 466 690 re
478 648 561 710 quam
575 626 692 690 heredes
700 646 766 689 suos
780 625 901 689 Berlioni
917 625 956 688 de
976 632 1076 687 Turre
1097 637 1128 685 et
1147 623 1225 686 here·

135 721 217 784 dibus
231 722 299 799 suis,
313 736 341 784 et
354 722 429 804 quod
447 722 572 786 homines
590 722 677 805 ipsius
689 729 722 786 t.
736 722 848 785 veniant
861 721 897 784 ad
910 721 1082 784 clausuram
1096 718 1181 800 burgi
1192 717 1225 780 de

137 817 240 901 Vinay,
251 818 316 881 data
329 837 404 881 anno
419 819 473 882 nili
487 825 714 882 M’CC⁰LX⁰IX·.

182 935 267 998 ¹793·
284 923 317 978 1t.
329 916 378 999 qd.
392 917 603 980 instrumentum
617 915 749 998 scriptum
763 933 846 978 manu
859 914 1001 979 iohannis
1018 911 1226 977 Elbaudicino-

136 1016 209 1093 tarii,
227 1016 280 1079 sub
301 1036 375 1080 anno
394 1022 623 1093 lt⁰ecc⁰x⁰111⁰,
644 1015 730 1078 indic.
751 1027 803 1077 nn⁸
816 1029 845 1078 et
864 1015 910 1078 die
927 1023 960 1076 ν’
982 1013 1098 1078 mensis
1121 1011 1223 1089 marcii,

138 1115 283 1179 continens
296 1114 495 1178 transationem
514 1127 543 1176 et
561 1112 739 1177 concordiam
761 1112 861 1175 inhitas
883 1112 957 1174 inter
968 1111 1057 1174 dom.
1076 1110 1224 1173 Henricum

137 1211 279 1276 dominum
293 1211 330 1273 de
351 1217 440 1273 Turre
454 1224 483 1273 et
500 1211 627 1274 vatilleui
648 1222 776 1292 exparte
797 1229 853 1293 una
875 1222 905 1271 et
922 1208 1097 1290 religiosum
1114 1207 1223 1270 bauan

137 1308 305 1371 Anthonium
320 1307 356 1370 de
370 1312 469 1370 Castro
485 1313 579 1384 Novo,
593 1321 786 1389 preceptorem
801 1313 987 1382 Trecensem,
1004 1304 1122 1369 ordinis
1135 1304 1224 1368 Sancti

138 1404 268 1468 Anthonii
282 1423 317 1467 er
332 1403 430 1481 altera,
448 1404 477 1466 in
487 1424 544 1487 quo
554 1403 712 1468 continetur
728 1402 805 1485 quod
818 1401 988 1466 fortalicium
1003 1415 1147 1464 vocatum
1163 1408 1224 1462 Mon

139 1501 234 1582 Elegio
247 1515 276 1564 et
290 1520 324 1563 ea
339 1521 394 1583 que
408 1501 476 1565 dict.
492 1501 577 1564 irater
587 1502 672 1564 anth.
688 1474 809 1562 habebat
829 1498 899 1561 infra
912 1499 1070 1580 proelpam
1083 1497 1123 1560 de
1148 1497 1224 1561 vatil-

137 1598 192 1661 lieu
210 1612 274 1663 sunt
291 1598 328 1661 de
347 1599 431 1661 feudo
454 1599 550 1662 franco
573 1600 639 1662 dicti
657 1599 761 1683 domini
783 1597 898 1680 Vinayci
920 1609 950 1660 et
964 1597 1042 1660 dict.
1056 1596 1224 1671 fortalitium

138 1695 286 1772 reddibile,
299 1710 328 1759 et
340 1696 406 1759 inde
425 1696 491 1760 fecit
505 1697 728 1779 recognitionem
742 1694 938 1778 prefatorum.
957 1694 1105 1758 ilenrico.

183 1810 267 1874 ¹794·
288 1798 321 1857 lt.
336 1793 385 1875 qd.
404 1792 499 1856 lietera
516 1813 566 1856 sex
575 1794 669 1876 sigillis
683 1793 712 1855 in
727 1790 858 1874 pendenti
870 1789 1006 1871 sigillata,
1021 1809 1166 1854 concessa
1178 1809 1225 1872 per

115 1964 119 1974 ⁵
137 1892 214 1953 dom.
233 1890 405 1973 n(lbertum)
427 1892 570 1954 sacristam
589 1890 733 1965 Romanis,
748 1889 941 1952 arbitratorem
965 1909 1060 1970 super
1078 1889 1224 1972 questione

138 2007 193 2070 que
205 1988 365 2051 vertebatur
376 1988 448 2051 inter
460 1988 536 2051 dom.
553 1987 709 2051 Berlionem
725 1987 761 2049 de
768 1992 858 2048 Turre
871 1998 900 2047 et
910 1992 1079 2048 lasermum
1093 1986 1223 2049 vicarium

140 2091 307 2159 Romanum,
333 2105 368 2148 ex
384 2105 439 2148 una
461 2099 551 2166 parte,
572 2099 600 2148 et
619 2085 791 2148 odobertum
822 2082 966 2145 dominum
989 2083 1089 2147 castri
1109 2083 1184 2146 Novi
1200 2096 1225 2146 et

138 2180 215 2243 dom.
228 2181 400 2244 Guillelmum
410 2194 439 2243 et
448 2181 628 2245 Boniiiacium
638 2202 672 2244 ex
681 2182 779 2258 altera,
793 2201 849 2263 qua
858 2180 1025 2244 continetur
1038 2182 1124 2264 quod
1136 2195 1226 2246 teneat

139 2278 441 2343 dictdominusCastri
463 2279 536 2341 Novi
549 2300 565 2341 a
580 2279 655 2342 dicto
668 2279 699 2343 d.
718 2278 845 2342 Berlione
869 2290 996 2340 castrum
1015 2279 1054 2342 de
1078 2279 1193 2342 Armeni
1200 2291 1226 2341 et

139 2377 206 2440 illud
220 2391 347 2440 teneatur
360 2376 478 2440 reddere
491 2397 543 2458 pro
559 2397 611 2440 suo
621 2376 755 2453 dominio,
770 2375 836 2438 data
859 2372 905 2436 die
921 2375 1025 2439 martis
1038 2389 1111 2459 post
1131 2378 1223 2441 testim

139 2473 166 2538 b¹
184 2483 258 2538 Luce
274 2481 461 2537 ll⁰CC⁰L⁰ll⁰.

185 2590 269 2653 1795·
284 2577 317 2635 lt.
329 2572 378 2654 qd.
391 2572 601 2635 instrumentum
615 2585 754 2652 sumptum
768 2588 852 2632 manu
867 2568 1023 2633 Humberti
1039 2572 1224 2636 Putoudino-

139 2669 202 2732 tarii
216 2671 268 2732 sub
289 2689 363 2733 anno
379 2670 433 2732 uni
450 2675 690 2744 M⁰ccc⁰xt⁰11⁰,
710 2664 795 2729 indic.
809 2678 843 2729 κ’
859 2678 889 2728 et
902 2665 950 2728 die
966 2679 1014 2728 xi·
1027 2668 1140 2731 mensis
1152 2667 1222 2749 junii,

139 2763 284 2826 continens
293 2765 451 2847 homagium
463 2767 566 2828 factum
582 2766 662 2828 dom⁰
671 2764 802 2848 Aynardo
814 2764 851 2826 de
863 2770 955 2826 Turre
972 2762 1098 2828 domino
1115 2764 1224 2849 Vinayci

123 2862 191 2940 'per
208 2859 329 2923 nobilem
344 2868 526 2944 Eymonetum
546 2862 582 2924 de
600 2871 701 2943 Lemps
721 2875 750 2924 et
766 2859 997 2941 recognitionem
1015 2861 1126 2924 factam
1150 2861 1223 2944 (....)

140 2975 238 3019 omnes
247 2957 384 3035 homines,
399 2978 443 3021 res
458 2971 486 3021 et
498 2977 598 3021 census
616 2977 650 3021 ac
666 2957 783 3022 servicia
805 2976 859 3040 que
878 2956 940 3039 ipse
954 2963 1139 3041 Eymonetus
1149 2959 1225 3023 habet

141 3052 212 3114 inira
226 3053 400 3133 parrochiam
412 3053 448 3115 de
458 3055 540 3136 Byol.

186 3148 271 3229 1796.
306 3156 385 3225 Item,
410 3149 496 3231 quod.
525 3150 644 3214 vidimus
671 3149 795 3214 officialis
821 3149 991 3213 Viennensis
1019 3152 1131 3216 factum
1158 3172 1226 3216 anno

144 3252 361 3309 MCCCXXXIH
386 3267 437 3330 per
455 3255 655 3329 laquamonum
675 3247 837 3311 Turrichelli
857 3247 893 3310 de
911 3249 1063 3327 Romanis,
1086 3252 1125 3315 de
1144 3251 1224 3335 qnod.

142 3344 220 3425 publ.
232 3345 414 3408 instrumento
426 3359 540 3426 recepto
550 3365 600 3426 per
614 3345 797 3408 Humbertum
808 3345 917 3426 Lagerii
931 3347 1080 3410 notarium
1095 3349 1170 3411 aulae
1182 3348 1227 3410 im

143 3440 252 3520 perialis
256 3489 410 3518 ............
427 3450 480 3503 ιιιι0
498 3441 543 3503 die
552 3441 672 3505 intrante
681 3440 837 3514 novembri,
855 3441 1008 3506 continens
1022 3445 1105 3526 quod
1123 3443 1227 3508 cumlis

145 3536 275 3603 existeret
287 3539 359 3601 inter
368 3540 444 3602 dom.
456 3539 616 3621 Aynardum
626 3539 662 3601 de
672 3545 772 3613 Turre,
782 3536 925 3599 dominum
937 3538 974 3602 de
984 3539 1133 3624 Vinayco,
1147 3555 1176 3605 et
1183 3559 1228 3604 no

144 3624 226 3691 bilem
241 3633 329 3695 virum
345 3635 421 3697 dom.
436 3635 595 3717 Aynardum
609 3635 749 3698 dominum
768 3635 804 3696 de
820 3639 919 3696 Castro
935 3642 1023 3700 Novo
1039 3651 1070 3701 et
1087 3639 1227 3717 dominun

147 3727 231 3787 Motae
245 3731 322 3792 Beati
335 3731 452 3792 Andreae
466 3750 501 3792 ex
515 3730 612 3808 altera,
624 3731 770 3794 occasione
781 3744 937 3793 castrorum
948 3732 986 3796 de
997 3735 1152 3800 vatilliaco
1161 3735 1228 3800 etde

148 3821 267 3885 Armeuo
285 3839 314 3887 et
327 3826 362 3887 de
376 3826 444 3888 dict.
460 3838 613 3889 castrorum
627 3827 751 3907 juribus:
768 3839 935 3908 quaecastra
954 3829 1029 3894 dict.
1046 3831 1183 3896 dominus
1198 3831 1229 3892 de

150 3915 323 3981 Castronovo
335 3920 445 3984 dicebat
458 3942 519 3984 esse
533 3943 582 3985 sua
598 3925 658 4003 jure
667 3924 844 3999 hereditario,
859 3923 953 3986 dictus
969 3946 1044 3990 vero
1054 3928 1190 3992 dominus
1198 3927 1228 3988 de

150 4004 273 4088 Vinayco
286 4017 427 4080 asserebat
440 4018 513 4080 dicta
528 4033 617 4081 castra
633 4034 661 4082 et
673 4020 733 4099 jura
747 4019 798 4081 sibi
813 4030 946 4100 tanquam
962 4024 1090 4088 comissa
1098 4040 1196 4090 tenere
1204 4037 1229 4086 et

152 4101 294 4177 possidere
303 4127 354 4188 pro
362 4111 439 4175 dom⁰
449 4113 695 4195 dalphinoetcuria
705 4115 808 4179 dictid.
818 4115 943 4196 dalphini
953 4132 984 4184 et
990 4122 1082 4186 etiarn
1097 4137 1226 4207 tanquam
