2716 4784
597 439 633 453 u-
660 424 690 486 55
713 441 752 454 .-

136 535 181 597 die
190 535 280 597 sabati
295 548 359 616 post
368 536 565 598 Assencionem
589 535 710 612 Domini,
729 549 855 599 emanare
871 537 1029 617 amagistro
1048 546 1165 620 Hugone
1174 541 1210 602 de
1238 520 1268 610 ,¹

136 631 226 693 Sarris
245 630 492 708 officialivienne,
510 631 683 694 continentes
697 632 838 713 quoddam
853 635 1082 713 compromissum
1108 637 1210 698 lactum

134 730 206 791 inter
217 729 339 791 nobilem
358 729 447 790 virum
464 730 635 803 medonem,
650 730 791 791 dominum
806 730 841 792 de
857 731 934 792 Bello
951 733 1063 810 Videre,
1095 753 1130 795 ex
1155 754 1210 796 una

136 840 214 908 parte
228 841 257 889 et
271 826 346 889 dom.
359 828 533 890 Jacobumde
543 828 612 890 Villa
621 834 701 889 Nova
713 848 748 913 px
756 828 809 889 alia
817 848 902 908 super
916 829 1081 909 quibusdam
1098 830 1206 908 amicis,

135 937 163 986 et
177 923 374 1004 pronunciatio
388 923 462 987 lacta
484 924 556 987 inter
574 924 648 1005 ipsas
669 939 763 1005 partes
779 945 863 1006 super
881 926 1056 1004 juridictione
1080 927 1145 989 ville
1172 928 1208 990 de

135 1020 254 1097 lanius,
271 1020 387 1102 sigillare
397 1040 446 1083 sex
463 1021 558 1102 sigillis
570 1009 602 1082 in*
614 1021 756 1101 pendenti.
1077 1017 1082 1028 “

175 1122 245 1196 276.
264 1115 343 1195 ltem,
354 1118 442 1200 quod.
454 1118 491 1180 al.
509 1118 719 1179 instrumentum
734 1117 866 1198 scripturn
876 1137 959 1180 manu
969 1119 1052 1200 Guig.
1071 1121 1211 1182 Frumenti

135 1215 236 1277 notarii
250 1215 341 1297 publ,
362 1215 415 1277 sub
433 1232 506 1276 anno
527 1214 581 1275 Diri
597 1220 861 1291 M⁰ccc⁰xxx1x⁰,
885 1215 970 1278 indic.
991 1230 1052 1293 viu,
1079 1218 1124 1279 die
1142 1231 1211 1279 itxna

134 1313 238 1375 mensis
252 1311 357 1394 aprilis,
365 1311 511 1374 continens
523 1311 753 1391 permutationem
762 1311 863 1374 iactam
872 1312 947 1374 inter
955 1313 1031 1375 dom.
1048 1313 1208 1396 dalphinum

101 1475 103 1478 ,
134 1424 162 1472 et
176 1410 255 1471 dom.
276 1416 424 1489 Hugonem
436 1408 472 1470 de
486 1407 631 1483 Gebenna,
650 1406 685 1470 de
699 1421 791 1471 castro
807 1408 899 1471 Visilie
925 1423 954 1472 et
971 1410 1095 1490 pluribus
1111 1411 1210 1473 castris

133 1521 208 1570 terre
230 1505 398 1587 Fucigniacii
428 1525 490 1569 cum
518 1505 577 1569 aliis
601 1505 698 1568 castris
712 1518 786 1567 terre
801 1506 901 1583 Bricie,
918 1527 972 1588 que
997 1508 1212 1588 permutationes

134 1603 483 1683 noniueruntadimplete.
714 1609 720 1620 ’

176 1719 247 1778 277·
265 1707 344 1774 Item,
360 1689 496 1781 quodssal.
511 1698 723 1760 instrumentum
738 1698 782 1780 (ut
797 1698 878 1779 259),
894 1698 938 1760 die
953 1712 992 1760 rxa
1003 1719 1091 1762 mens.
1105 1702 1210 1778 marcii,

134 1797 287 1861 continens
301 1796 459 1876 homagium
473 1795 616 1876 prestitum
641 1814 690 1876 per
716 1795 857 1858 Matheum
871 1795 907 1857 de
925 1803 1013 1859 Heres
1039 1796 1212 1859 domicellum

136 1892 216 1953 dom⁰
230 1891 373 1972 dalphino.

176 1990 248 2066 278.
263 1997 342 2066 Item,
358 1988 444 2071 quod.
460 1989 497 2051 al.
511 1988 723 2051 instrumentum
734 1989 777 2070 (ut
790 1988 874 2070 258),
884 1988 929 2050 die
942 2002 1004 2050 xusa
1015 2007 1103 2051 mens.
1116 1989 1210 2066 madii,

136 2085 284 2149 continens
299 2085 459 2167 homagium
473 2086 576 2148 factum
591 2086 776 2167 pernobilem
792 2085 930 2162 Felisiam,
960 2086 1083 2149 relictam
1112 2087 1213 2149 Moleni

136 2183 310 2267 Qiusveno,
325 2182 403 2246 dorn⁰
413 2183 543 2263 dalphino
558 2196 587 2245 et
595 2182 741 2244 terminum
750 2182 792 2264 (ut
807 2182 889 2264 263).

176 2299 248 2362 279.
269 2288 348 2356 ltem,
365 2279 451 2360 quod.
466 2280 503 2341 21.
513 2280 725 2343 instrumentum
740 2280 781 2360 (ur
792 2279 874 2361 258),
890 2279 934 2341 die
943 2289 975 2339 11³
987 2298 1076 2341 mens.
1085 2279 1211 2358 ianuarii,

137 2379 285 2442 continens
298 2377 457 2457 homagium
478 2377 622 2462 prestitum
646 2396 695 2457 per
715 2376 836 2438 nobilem
853 2376 1027 2437 Guillelmum
1044 2376 1149 2438 Farreti
1180 2375 1214 2437 de

137 2483 238 2537 Castro
250 2473 341 2554 Duplo
354 2472 467 2535 nomine
479 2493 531 2536 suo
552 2486 581 2535 et
603 2493 655 2556 per
670 2481 825 2555 Jaymetutn
843 2472 902 2552 eius
915 2472 1028 2534 fratrem
1042 2472 1120 2533 dom⁰
1150 2472 1216 2533 dal-

137 2572 223 2653 phino
240 2583 270 2632 et
284 2569 431 2632 terminum
446 2570 489 2651 (ut
504 2569 575 2650 263)
586 2583 606 2631 ¹.

177 2669 248 2729 280.
265 2674 344 2743 ltem,
357 2667 443 2748 quod.
461 2667 498 2728 21.
520 2667 731 2728 instrumentum
745 2665 787 2746 (ut
802 2665 937 2747 praeced),
957 2664 1102 2726 continens
1118 2665 1217 2726 homa-

136 2766 214 2848 gium
224 2765 326 2827 factum
339 2764 519 2845 pernobilem
534 2764 624 2825 virum
640 2755 729 2824 dom(
743 2768 856 2823 Petrum
879 2761 1023 2843 Raynaudi
1051 2760 1164 2822 militem
1190 2775 1217 2824 et

136 2862 288 2924 terminum
312 2860 510 2941 assignacionis
542 2861 577 2921 ad
608 2859 864 2940 recognoscendum
896 2871 1001 2920 certum
1025 2871 1135 2938 tempus
1162 2858 1217 2937 jam
1311 2935 1313 2947 Ι

137 2957 264 3038 elapsum
279 2978 287 3034 ;
301 2957 367 3020 item
381 2957 461 3024 etiam
477 2957 694 3039 recognitionem
716 2975 766 3037 ρετ
779 2956 868 3036 ipsum
882 2956 958 3017 dom.
979 2962 1091 3019 Petrum
1116 2955 1217 3017 factam

137 3055 174 3116 de
184 3054 270 3115 leudo
280 3067 308 3115 et
321 3053 349 3114 in
358 3054 471 3115 feudum
485 3055 610 3116 francum
625 3065 653 3115 et
670 3052 763 3114 nobile
783 3073 799 3113 a
823 3052 897 3114 dicto
921 3052 1063 3134 dalphino‚
1083 3051 1175 3114 omnia
1191 3065 1220 3114 et

137 3151 249 3232 singula
261 3171 315 3232 que
327 3151 386 3232 ipse
403 3151 479 3211 dom.
497 3157 597 3215 Petrus
610 3149 704 3226 habet,
720 3163 804 3220 tenet*
820 3163 848 3211 et
873 3151 997 3230 possidet
1021 3151 1066 3212 vel
1089 3150 1158 3211 alius
1168 3169 1219 3229 pro

138 3249 202 3330 ipso
219 3248 248 3309 in
261 3262 364 3322 castro,
375 3247 577 3309 'mandamento
602 3259 631 3308 et
652 3246 791 3308 territorio
808 3246 923 3309 Cabeoli
950 3245 978 3307 in
998 3246 1219 3331 quibuscumque

138 3345 306 3420 consistant,
321 3345 400 3408 salvo
413 3344 490 3425 prius
505 3357 534 3406 et
543 3341 652 3405 retento
663 3343 692 3405 in
702 3343 834 3423 predictis
848 3342 977 3422 homagio
991 3342 1088 3422 inquo
1109 3352 1220 3401 tenetur

140 3442 220 3504 dom⁰
232 3448 353 3523 Aymaro
366 3441 401 3502 de
421 3440 556 3502 Pictavia.

183 3538 253 3600 281.
270 3545 349 3614 ltem,
365 3537 451 3618 quod.
463 3537 500 3599 al.
515 3537 726 3600 instrumentum
741 3536 783 3617 (ur
799 3536 882 3618 263),
897 3536 1042 3598 continens
1063 3534 1221 3615 homagium
1236 3591 1239 3597 .

140 3636 244 3698 factum
259 3655 310 3716 per
327 3635 510 3697 Humbertum
521 3635 609 3714 Bajuli
626 3635 661 3696 de
678 3633 800 3696 Cabeolo
815 3647 844 3695 et
856 3633 1003 3696 terminum
1018 3630 1134 3712 (21112).

184 3730 845 3812 282.ltem,quod.al.instrumentum(u1258),
856 3728 1081 3811 (die11³?)mens.
1092 3728 1219 3808 januarii,
1299 3761 1301 3765 ·

144 3829 289 3892 continens
308 3829 466 3910 homagium
479 3829 621 3909 prestitum
636 3846 686 3908 per
702 3826 869 3909 Reynerium
890 3826 1025 3890 Berlionis
1046 3826 1221 3891 domicellum

146 3925 179 3988 de
195 3925 318 4008 Payrino
331 3926 409 3988 dom⁰
423 3925 555 4007 dalphino
571 3939 600 3988 et
613 3923 760 3988 terminum
774 3924 976 4006 recognicionis
989 3924 1026 4007 (l,
1039 3938 1067 3987 ut
1082 3923 1164 4005 263).

186 4145 208 4184 1.
223 4129 262 4184 En
276 4147 308 4184 m.
324 4132 358 4184 Aa
372 4128 484 4186 Cabeoli.
