2716 4784
601 387 759 446 -16-

140 518 335 598 quietationem
349 517 448 577 factam
461 515 539 576 dom⁰
552 515 682 595 dalphino
700 536 749 596 per
766 517 853 596 ipsam
870 517 946 578 dom.
963 517 1164 600 B(eatricem),
1184 518 1215 580 de

138 615 266 677 omnibus
280 613 381 676 debitis
398 627 425 674 et
440 613 655 693 obligationibus
667 614 847 694 pecuniarum
868 614 1008 695 inquibus
1035 614 1127 677 dictus
1143 616 1212 676 dom.

138 713 284 793 dalphinus
296 711 385 772 eidem
398 710 509 771 domine
523 723 633 771 tenetur
645 730 694 772 seu
712 710 865 790 reperietur
875 711 1025 791 obligatus,
1051 712 1212 774 condicione

139 806 246 884 adjecta
261 806 283 866 si
293 807 382 884 ipsum
396 805 472 866 dom.
490 804 651 885 dalphinum
666 807 804 869 decedere
815 808 990 888 contingeret
1004 808 1056 869 sibi
1069 808 1213 871 heredibus

138 917 215 960 asuo
228 918 346 979 corpore
363 901 516 979 procreatis
530 902 747 965 remanentibus.

177 999 225 1074 69.
245 1004 322 1072 ltem,
341 997 426 1077 quod.
452 997 591 1076 publicum
613 1001 825 1063 instrumentum
849 1015 990 1081 receptum
1019 1016 1047 1064 et
1080 1003 1211 1082 signatum

138 1092 264 1155 manibus
281 1093 425 1155 Humberti
440 1094 520 1155 Pilati
535 1109 563 1156 et
576 1096 710 1176 Guigonis
738 1099 878 1159 Frumenti
903 1098 1077 1160 notariorum
1101 1099 1211 1180 public,

138 1191 190 1254 sub
205 1210 277 1251 anno
297 1191 375 1251 Βοηιἰ
394 1197 648 1267 M⁰CCC⁰XL1111⁰,
661 1193 706 1255 die
716 1213 746 1254 x·
759 1195 861 1256 mensis
869 1195 973 1274 aprilis,
986 1196 1136 1258 continens
1146 1194 1214 1276 quic-

138 1290 270 1351 tationem
288 1290 388 1352 factam
396 1309 446 1369 per
460 1290 592 1352 illustrem
601 1291 677 1352 dom.
696 1293 879 1373 B(eatricem)
894 1293 928 1354 de
942 1294 1060 1370 Vienna,
1077 1293 1212 1355 dominam

139 1386 175 1448 de
183 1387 294 1462 Arlaco,
311 1386 346 1447 de
363 1389 439 1445 llllm
454 1388 621 1448 florenorum
633 1389 662 1448 in
674 1407 740 1449 casu
754 1389 782 1449 in
798 1410 852 1469 quo
867 1390 943 1451 dom.
958 1390 1122 1469 dalphinum
1140 1391 1215 1451 dece-

138 1483 205 1544 dere
213 1484 387 1564 contingeret
394 1485 600 1547 remanentibus
613 1484 665 1546 sibi
675 1485 824 1548 heredibus
834 1486 973 1567 legitimis,
983 1488 1132 1551 continens
1138 1488 1213 1550 etiam

138 1581 335 1662 obligationem
353 1598 507 1646 castrorum
528 1586 703 1661 castillionis,
725 1593 802 1648 Bone
819 1586 887 1647 Ville
904 1603 932 1648 et
952 1587 987 1648 de
1006 1594 1164 1666 Samoenc;
1190 1601 1214 1650 et

138 1693 180 1740 est
190 1680 292 1742 dictum
319 1681 530 1744 instrumentum
550 1683 696 1762 sigillatum
711 1684 739 1744 in
765 1683 897 1763 pendenti
924 1683 1013 1764 sigillo
1039 1685 1127 1764 ipsius
1144 1685 1213 1746 dome

139 1776 315 1860 B(eatricis),
339 1779 485 1841 continens
500 1780 582 1841 etiam
612 1780 788 1842 donationem
813 1782 912 1842 factam
942 1801 992 1861 per
1011 1782 1117 1843 dictum
1142 1782 1211 1842 dom.

137 1875 298 1955 dalphinum
337 1877 371 1937 de
400 1878 582 1957 septingentis
606 1878 717 1939 llorenis
741 1879 800 1939 auri
824 1879 950 1958 perpetui
973 1879 1079 1941 valoris
1106 1879 1212 1960 singulis

137 1972 226 2047 annis,
243 1973 397 2034 assetandis
410 1973 439 2034 in
455 1987 529 2034 terra
554 1974 734 2054 Fucigniacii,
760 1988 842 2054 prout
855 1975 907 2036 hec
917 1988 945 2035 et
961 1975 1013 2036 alia
1036 1975 1065 2036 in
1081 1975 1213 2037 dictoins

136 2080 276 2130 trumento
289 2070 476 2131 continentur.

177 2185 227 2241 70.
241 2172 320 2240 ltem,
339 2167 424 2247 quod.
437 2166 510 2227 aliud
522 2166 662 2246 publicum
671 2168 882 2229 instrumentum
898 2168 1057 2229 confectum
1073 2182 1102 2230 et
1124 2170 1212 2249 signa-

136 2279 194 2327 tum
207 2264 333 2326 manibus
348 2265 483 2326 dictorum
501 2266 682 2341 notariorum,
700 2285 784 2339 anno,
803 2265 901 2326 indict.
921 2279 949 2326 et
963 2266 1008 2326 die
1018 2265 1121 2346 quibus
1136 2285 1211 2347 supra

137 2363 262 2442 proxime
283 2362 485 2443 sigillatumque
508 2364 535 2424 in
550 2363 682 2443 pendenti
711 2363 801 2443 sigillo
820 2363 893 2424 dicte
908 2363 1020 2423 domine
1040 2363 1078 2424 de
1105 2364 1209 2437 Arlaco,

136 2461 282 2522 continens
289 2461 363 2541 quod
378 2461 456 2522 liberi
472 2461 543 2521 dom¹
565 2461 686 2540 dalphini
709 2461 816 2540 possint
827 2460 968 2521 redimere
982 2459 1074 2521 dictos
1085 2463 1151 2521 Vllc
1165 2461 1211 2520 llo-

137 2577 219 2619 renos
232 2577 349 2632 annuos,
369 2578 419 2638 per
435 2559 524 2638 ipsum
549 2557 625 2618 dom.
649 2557 808 2637 dalphinum
836 2557 916 2617 datos
942 2556 1015 2617 dicte
1045 2556 1160 2618 domine
1181 2555 1210 2616 de

137 2655 279 2715 Arlacoad
298 2654 478 2715 hereditatem
489 2667 516 2715 et
526 2653 750 2733 perpetuitatem,
763 2652 897 2714 solvendo
908 2651 981 2712 mille
994 2653 1118 2714 florenos
1134 2651 1211 2714 semel

137 2772 188 2832 pro
204 2766 315 2814 centum
331 2753 440 2814 annuis.

176 2852 226 2926 7'h.
244 2856 323 2924 ltem,
340 2849 425 2928 quod.
441 2848 513 2910 aliud
543 2849 683 2929 publicum
708 2848 920 2909 instrumentum
935 2846 1070 2926 scriptum
1079 2860 1107 2908 et
1122 2847 1211 2927 signa-

43 2992 49 3010 .
137 2957 195 3005 tum
206 2944 332 3006 manibus
347 2945 415 3006 dict.
433 2946 603 3007 notariorum
621 2945 720 3018 eodem
731 2964 804 3005 anno
814 2958 843 3006 et
855 2944 900 3006 die
914 2943 1014 3023 quibus
1024 2962 1110 3023 supra
1125 2943 1211 3023 proxi-

137 3042 354 3116 me„continehs
371 3043 528 3122 homagium
552 3043 645 3123 ligium
674 3041 817 3121 prestitum
833 3060 883 3120 per
897 3041 998 3102 dictam
1013 3036 1156 3102 dominam
1181 3040 1211 3100 de

137 3138 320 3200 Arlacodicto
331 3139 407 3200 dom.
427 3140 568 3219 dalphino,
594 3153 622 3201 et
643 3153 685 3200 est
693 3139 836 3200 sciendum
848 3139 922 3219 quod
936 3138 1027 3216 ipsum
1044 3137 1211 3199 instrumen-

137 3249 194 3296 tum
209 3237 259 3297 luit
273 3237 301 3297 in
317 3235 372 3298 line
389 3237 475 3317 ipsius
492 3238 642 3298 laceratum
660 3250 687 3298 et
706 3236 823 3317 sigillum
839 3236 1035 3297 deformatum.

178 3448 226 3508 72·
246 3439 324 3506 Item,
339 3433 425 3511 quod.
440 3431 654 3491 instrumentum
669 3428 801 3508 scriptum
812 3441 841 3489 et
850 3428 988 3508 signatum
999 3445 1084 3488 manu
1101 3428 1211 3490 Guillel-

138 3528 298 3589 milornarii
313 3528 413 3589 notarii
426 3528 461 3589 de
475 3527 608 3606 Vorapio,
621 3526 672 3588 sub
688 3545 760 3586 anno
782 3525 980 3587 lncarnationis
998 3529 1211 3600 M⁰111⁶xv111⁰,

137 3624 221 3684 indic.
240 3643 283 3699 rr.,
300 3624 344 3685 die
354 3643 393 3688 nt⁸
408 3623 510 3685 mensis
521 3623 627 3698 marcii,
642 3622 787 3684 continens
800 3622 874 3702 quod
885 3621 997 3682 illustris
1007 3621 1124 3684 domina
1142 3624 1212 3686 dom.

139 3721 251 3782 Beatrix
267 3720 302 3782 de
317 3721 446 3802 Umgaria
462 3721 591 3799 dalphina
615 3718 790 3795 Viennensis,
817 3718 872 3779 filia
888 3717 981 3779 inclite
1007 3718 1213 3782 recordacionis

138 3817 211 3877 domi
224 3817 317 3877 Karoli
327 3818 443 3879 Martelli
456 3818 530 3897 regis
548 3817 688 3895 Umgarie,
701 3804 785 3877 dabat
795 3816 878 3877 domis
890 3813 1010 3893 Guigoni
1020 3827 1049 3875 et
1062 3817 1214 3878 Humberto

138 3913 280 3993 dalphino,
290 3912 352 3975 filiis
366 3914 433 3986 suis,
448 3933 530 3974 omne
546 3913 589 3990 jus
603 3926 631 3973 et
643 3931 753 3973 omnem
768 3913 905 3973 actionem
932 3929 1014 3990 quam
1036 3910 1166 3975 habebat
1190 3913 1215 3973 in

138 4008 219 4071 bonis
233 4024 261 4072 et
273 4010 427 4072 hereditate
441 4023 556 4090 paterna
568 4023 596 4070 et
605 4023 728 4070 matema
742 4009 802 4088 ipsa
819 4009 896 4072 dom.
910 4005 1033 4067 Beatrin.

178 4117 325 4186 73.1tem,
343 4106 426 4188 qued.
441 4106 519 4167 litere
534 4118 660 4167 emanare
682 4124 697 4164 a
724 4122 789 4185 rege
811 4103 980 4165 lherusalem
994 4105 1217 4172 serenissimoin
