2716 4784
471 461 474 468 .
581 441 739 484 -20-

164 558 211 619 88.
232 565 310 633 ltem,
329 557 413 637 qued.
433 554 485 616 alia
501 555 595 616 lietera
614 574 630 615 a
653 553 730 614 curia
755 551 907 613 chastelleti
927 551 1051 613 Parisius
1077 562 1202 612 emanata

122 654 266 736 sigilloque
279 652 365 733 ipsius
379 652 454 714 curie
474 670 538 713 cera
558 649 639 711 viridi
653 650 681 710 in
698 648 829 729 pendenti
853 648 981 730 sigillata,
1007 647 1084 728 linga
1107 647 1201 728 gallica

123 751 225 831 scripta
237 751 289 812 sub
305 769 378 811 anno
392 749 445 810 Dni
458 754 698 823 M⁰ccc⁰xxx1⁰‚
713 766 808 808 mense
823 746 916 824 madii,
930 745 1080 808 continens
1093 743 1198 824 copiam

123 861 151 909 et
162 847 281 909 vidimus
293 846 485 927 compromissi
505 846 570 908 lacti
592 845 664 907 inter
681 858 809 925 potentes
836 843 976 925 principes
999 844 1078 905 dom.
1106 843 1201 904 ducem

125 943 284 1025 Burgondie
295 956 323 1005 et
336 943 411 1004 dom.
428 943 583 1024 Guigonem
600 941 760 1022 dalphinum
781 941 978 1016 Viennensem,
992 941 1109 1002 nomine
1128 941 1203 1001 dom‘

125 1041 252 1103 Ysabelle
280 1041 316 1102 de
335 1040 450 1103 Francia
469 1040 591 1103 consorti
621 1058 681 1114 sue,
703 1058 786 1119 super
807 1051 886 1119 parte
909 1038 961 1100 sibi
975 1039 1158 1120 contingente
1178 1039 1202 1099 in

124 1137 205 1200 bonis
213 1152 240 1201 et
252 1138 404 1200 hereditate
419 1138 600 1219 dom‘regine
615 1137 751 1213 iohanne,
764 1136 858 1198 matris
874 1137 959 1217 ipsius
973 1136 1054 1198 dome
1063 1136 1201 1210 Ysabelle,

124 1235 214 1316 quise
229 1234 477 1314 compromiserunt
492 1235 518 1294 in
534 1232 637 1314 regiam
654 1232 941 1314 magestatemvidel.
951 1232 1027 1294 dom.
1046 1232 1202 1313 Philippum

124 1351 217 1413 regem
237 1340 418 1408 Francorum,
442 1332 616 1414 quiquidem
634 1332 710 1393 dom.
739 1350 788 1392 rex
812 1330 1006 1411 pronunciavit
1025 1330 1104 1392 dicto
1128 1331 1201 1392 dom.

125 1426 255 1509 dalphino
272 1429 369 1491 decem
383 1430 455 1492 milia
474 1429 587 1492 libratas
599 1443 684 1506 terre,
707 1429 791 1490 videl.
808 1430 869 1489 Vlm
884 1428 912 1489 in
923 1427 1056 1489 comitatu
1077 1428 1203 1510 d'Artoys

125 1538 153 1586 et
169 1528 246 1586 llllll
261 1525 289 1586 in
301 1525 403 1588 ducatu
419 1526 590 1606 Burgondie.

165 1623 213 1704 89.
241 1629 319 1698 Item,
344 1623 430 1704 quod.
456 1621 595 1703 publicum
621 1621 832 1684 instrumentum
859 1620 992 1702 scriptum
1012 1640 1098 1682 manu
1121 1627 1203 1681 Hum-

124 1718 195 1781 berti
213 1719 293 1782 Pilati
307 1720 342 1781 de
360 1719 478 1781 Buxeria
507 1719 606 1781 notarii
624 1719 702 1800 publ.
731 1718 783 1781 sub
796 1737 870 1779 anno
895 1720 949 1780 Drii
976 1725 1200 1794 M⁰ccc⁰xxx0‚

124 1816 220 1879 indict.
250 1829 324 1894 unu,
351 1816 396 1878 die
419 1834 470 1878 rura
488 1816 591 1878 mensis
621 1815 755 1892 octobris,
777 1816 921 1898 sigilloque
947 1816 1061 1879 illustris
1077 1815 1203 1897 principis

125 1915 201 1977 dom.
219 1915 482 1997 Guigonisdalpbini
499 1914 646 1994 sigillatum
666 1914 693 1975 in
716 1914 858 1994 pendenti,
876 1915 1021 1977 continens
1037 1928 1203 1995 procurato·

126 2013 195 2074 rium
211 2013 313 2073 factum
322 2011 486 2093 perdictam
500 2011 576 2073 dom.
590 2011 747 2073 Ysabellam
758 2012 792 2073 ad
807 2013 933 2092 predicta
946 2025 1080 2074 contenta
1094 2012 1123 2075 in
1147 2031 1203 2092 pre

126 2109 235 2171 cedenti
245 2108 341 2169 lietera
355 2108 486 2188 petenda,
505 2108 676 2188 acceptanda
692 2121 719 2170 et
739 2108 885 2188 exigenda.
1066 2176 1073 2180 ,

167 2225 216 2288 90.
237 2213 315 2282 ltem,
332 2204 415 2286 qued.
429 2205 524 2267 lietera
536 2205 646 2267 duobus
660 2205 755 2285 sigillis
770 2205 798 2266 in
809 2204 940 2285 pendenti
956 2203 1088 2285 sigillata,
1101 2204 1200 2284 scripta

127 2301 179 2364 sub
195 2322 268 2364 anno
292 2301 345 2363 Diri
364 2308 593 2378 nr⁰ccc⁰xxll⁰,
619 2301 664 2363 die
689 2302 783 2363 martis
804 2316 868 2382 post
882 2300 1051 2363 dominicam
1067 2301 1095 2362 in
1115 2300 1204 2362 Ramis

130 2399 298 2474 palmarum,
318 2398 464 2460 continens
481 2411 653 2464 contractum
669 2398 834 2459 matrimonii
850 2398 981 2460 celebrati
995 2398 1068 2459 inter
1085 2397 1205 2459 illustris-

128 2497 224 2558 simam
239 2496 315 2557 dom.
339 2497 491 2558 lobannam
509 2495 632 2577 reginam
656 2495 782 2570 Francie,
803 2495 914 2556 nomine
933 2494 1060 2575 predicte
1079 2494 1204 2556 Ysabelle

127 2593 182 2655 filie
196 2612 256 2669 sue,
276 2612 311 2653 er
325 2613 379 2655 una
393 2607 482 2674 parte,
499 2605 527 2654 et
546 2591 667 2654 nobilem
688 2605 715 2653 et
735 2605 876 2672 potentem
894 2593 983 2653 virum
1005 2592 1083 2653 dom.
1110 2599 1205 2672 Hugo·

128 2711 191 2752 nem
208 2691 243 2751 de
258 2690 399 2752 Gebennis
413 2704 440 2753 et
459 2691 553 2770 plures
567 2689 635 2750 alios
651 2689 745 2750 ddom.
769 2689 867 2751 milites
886 2689 1081 2769 Dalphinatus,
1095 2690 1203 2752 nomine

128 2787 239 2849 illustris
256 2786 388 2867 principis
400 2788 475 2848 dom.
491 2787 626 2868 Guigonis
640 2786 762 2867 dalphini
773 2786 948 2863 Viennensis,
966 2807 1000 2848 ex
1014 2787 1114 2848 altera.

169 2903 218 2965 9¹·
235 2892 312 2958 ltem,
334 2885 419 2965 quod.
436 2884 576 2965 publicum
599 2885 809 2946 instrumentum
824 2884 955 2963 scriptum
969 2904 1054 2945 manu
1078 2890 1203 2946 Beneve-

130 2980 188 3042 nuti
205 2980 240 3042 de
253 2979 351 3041 Arenis
366 2981 465 3043 notarii
480 2980 571 3062 publ,
586 2980 637 3043 sub
651 3000 725 3042 anno
738 2981 791 3041 Dr'ri
804 2987 976 3056 M⁰CCC⁰X⁰,
988 2980 1069 3043 indit.
1079 2993 1155 3058 vird,
1165 2979 1203 3041 die

129 3091 191 3139 runa
205 3077 307 3138 mensis
327 3078 503 3157 septembris,
519 3078 663 3139 continens
680 3078 754 3158 quod
770 3077 804 3138 ad
820 3077 981 3139 instanciam
1000 3091 1028 3139 et
1044 3077 1202 3158 requisicio-

129 3195 192 3236 nem
208 3173 307 3236 nobilis
325 3174 497 3256 Raymbaudi
514 3175 550 3236 de
567 3174 690 3254 asperis,
705 3173 817 3256 bayllivi
838 3174 1057 3250 Brianczonesii,
1074 3174 1127 3236 fuit
1140 3193 1201 3236 con-

128 3273 217 3334 fessus
231 3271 341 3352 publice
365 3285 392 3333 et
411 3271 580 3352 recognovit·
593 3271 754 3332 Guill'elmus
784 3272 941 3342 Bertrandi,
963 3285 1132 3351 procurator
1157 3269 1199 3330 viri

128 3369 248 3448 potentis
263 3369 338 3430 dom.
357 3369 493 3450 Maylredi
505 3368 674 3448 marquionis
687 3367 867 3441 Saluciarum‚
886 3367 958 3429 dom¹
977 3367 1080 3429 Frelini
1094 3370 1152 3449 ejus
1161 3364 1198 3426 filii
1243 3436 1245 3441 Ι

129 3479 157 3528 et
178 3467 254 3526 dom⁰
266 3465 415 3546 Margarite
430 3465 523 3527 uxoris
544 3464 667 3542 ejusdem
684 3465 795 3541 Frelini,
819 3484 849 3525 se
873 3464 1003 3527 habuisse
1024 3479 1053 3527 et
1072 3448 1197 3545 recepisse
1243 3486 1245 3493 ·

127 3563 156 3623 in
170 3561 287 3642 pecunia
301 3575 443 3623 numerata
473 3582 489 3622 a
506 3561 581 3622 dicto
600 3561 793 3642 Raymbaudo,
815 3561 941 3622 solvente
968 3562 1082 3624 nomine
1099 3558 1194 3623 illustris

128 3659 179 3720 viri
196 3658 272 3719 dom.
288 3658 420 3720 lobannis
435 3658 568 3739 dalphini,
585 3658 657 3719 mille
672 3658 755 3720 libras
772 3658 846 3719 bone
859 3672 981 3734 monete,
1004 3664 1120 3720 Turono
1133 3673 1192 3718 com·

128 3768 224 3836 putato
240 3774 290 3834 pro
307 3775 374 3816 xxur
395 3755 514 3817 denariis
534 3770 554 3831 ¹,
572 3774 622 3835 pro
640 3754 705 3816 dote
722 3768 749 3816 et
767 3754 879 3818 nomine
895 3755 967 3816 dotis
990 3755 1104 3817 illustris
1129 3753 1188 3813 dom.

130 3851 281 3932 Margarite
296 3871 379 3930 supra
396 3852 481 3913 dicte.

171 3965 219 4028 9²·
240 3955 318 4022 ltem,
337 3947 421 4027 qued.
435 3947 530 4009 lictere
540 3966 689 4028 pergamee
700 3947 727 4007 in
738 3946 846 4008 duabus
856 3947 973 4028 pellibus
984 3948 1088 4029 scripte
1098 3947 1123 4008 in
1133 3944 1184 4019 linga

60 4157 63 4162 ’
168 4165 189 4205 r.
207 4148 244 4203 En
262 4163 342 4218 margc
356 4147 409 4202 Noa
423 4148 453 4203 de
467 4149 571 4203 Turono
585 4144 642 4202 xxiii
656 4147 740 4202 denar.
759 4158 914 4221 computato.
