2716 4784
591 435 768 479 -121-

137 545 178 606 cio
190 549 346 607 xxxvrrffl
361 547 510 610 solidorum
527 549 662 611 Viennen.
686 550 765 611 dom⁰
781 551 890 612 Andree
907 549 1037 630 dalphino
1052 549 1143 612 omnia
1159 570 1213 631 que

135 643 276 706 habebant
288 645 316 706 in
330 659 421 708 castro
438 646 473 707 de
492 647 574 708 Geria
588 647 682 725 eteius
696 647 902 722 mandamento,
919 659 947 709 et
959 647 1078 708 confessi
1104 647 1214 710 fuerunt

135 741 265 804 habuisse
279 743 408 823 pretium.
704 728 709 753 ⁸

174 841 244 917 674.
261 847 340 915 Item,
353 842 438 922 quod.
450 841 527 923 publ.
540 842 750 905 instrumentum
758 842 797 922 (ιιι
809 842 892 923 618),
905 840 1213 920 continenshomagium

133 936 229 1016 ligium
242 938 387 1016 prestitum
402 960 452 1020 per
468 940 659 1022 Reymundum
679 941 787 1002 Rosseti
804 940 839 1002 de
855 944 934 1001 Mura
948 939 1026 999 dom⁰
1045 937 1175 1019 dalphino
1186 951 1214 1000 et

132 1034 320 1096 terminum...

174 1130 245 1209 675.
264 1137 343 1207 Item,
360 1133 446 1213 quod.
471 1133 682 1198 instrumentum
701 1135 742 1216 (ut
756 1134 839 1217 668),
863 1135 907 1196 die
925 1147 964 1196 uu
979 1152 1066 1195 mens.
1084 1132 1210 1211 januarii,

133 1227 282 1288 continens
294 1227 453 1309 homagium
464 1229 558 1310 ligium
571 1233 714 1312 prestitum
728 1233 939 1313 perJohannem
953 1231 988 1293 de
1004 1230 1123 1293 Chenins
1134 1229 1213 1290 dom⁰

132 1338 231 1386 nostro
246 1325 378 1406 dalphino
393 1314 619 1391 etterminum...
1156 1344 1160 1349 ’
1246 1403 1248 1408 ,

170 1423 241 1500 676.
274 1430 353 1499 Item,
381 1425 467 1505 quod.
490 1427 568 1507 publ.
606 1427 818 1489 instrumentum
848 1446 931 1489 manu
961 1424 1052 1487 Hunb¹
1075 1424 1155 1487 Pilati
1177 1424 1212 1486 de

134 1520 256 1581 Buxeri'a
268 1534 326 1582 not.
343 1521 424 1600 pub,
441 1523 492 1583 sub
504 1543 577 1584 anno
594 1525 647 1585 Dr‘ri
675 1531 953 1598 M⁰CCC⁰XXXV110,
969 1524 1053 1585 indic.
1067 1537 1108 1599 ve,
1124 1523 1213 1599 dieva

132 1617 237 1678 mensis
250 1617 416 1694 decembris,
433 1620 579 1682 continens
593 1621 751 1702 homagium
767 1635 794 1683 et
810 1621 1032 1701 recognicionem
1048 1621 1147 1682 iactam
1162 1639 1213 1700 per
1243 1652 1245 1671 ι

131 1715 209 1777 dom.
223 1715 378 1796 Guigonem
391 1717 558 1800 deMorgiis,
573 1720 780 1782 nomineGiiete
795 1720 888 1781 uxoris
899 1719 1033 1799 Guigonis
1045 1718 1080 1780 de
1097 1718 1212 1798 Morgiis

130 1811 178 1874 filii
193 1815 246 1890 sui,
263 1815 342 1875 dom⁰
357 1816 486 1897 dalphino
499 1831 527 1880 et
540 1819 704 1899 recognovit
718 1819 819 1880 dictam
828 1817 944 1878 Giletam
954 1828 1049 1876 tenere
1062 1813 1089 1873 in
1098 1812 1211 1873 feudum
1282 1816 1286 1831 '

131 1930 148 1970 a
161 1910 237 1971 dicto
251 1910 326 1972 dom.
344 1912 475 1993 dalphino
490 1928 610 1976 castrum
625 1916 660 1977 dc
675 1923 750 1976 Mota
764 1915 792 1976 in
808 1922 952 1975 Matacena
977 1930 1039 1972 cum
1056 1910 1114 1988 ejus
1128 1908 1212 1970 terri-

130 2007 216 2082 torio,
235 2008 300 2069 item
318 2023 438 2071 castrum
457 2011 492 2073 de
511 2013 668 2094 hloydanis,
694 2013 846 2093 Vapincen.
859 2009 989 2085 diocesis,
1003 2027 1066 2070 curn
1081 2007 1139 2086 ejus
1153 2019 1212 2068 ter-

130 2103 240 2179 ritorio,
266 2118 294 2166 et
315 2106 445 2186 quicquid
473 2107 593 2170 habebat
617 2109 690 2170 dicta
710 2109 810 2171 Gilleta
836 2109 864 2169 in
891 2105 1086 2168 mandamento
1118 2103 1211 2165 Sancti

130 2201 243 2262 Andree
268 2201 295 2262 in
310 2204 437 2278 Rosanis,
453 2204 518 2265 item
529 2205 659 2286 quicquid
672 2207 756 2268 habet
769 2206 843 2267 dicta
860 2204 959 2266 Gilletu
972 2202 1000 2264 in
1015 2199 1210 2262 mandamento

130 2299 340 2378 Grationopolis
354 2320 441 2381 usque
452 2302 486 2362 ad
503 2302 671 2363 Terraciam.

170 2394 241 2472 677.
271 2403 349 2471 ltem,
368 2398 453 2479 quod.
477 2398 554 2478 publ.
584 2399 795 2461 instrumentum
809 2395 1211 2481 (ut629),continenshoma-

129 2491 205 2573 gium
218 2493 362 2572 prestitum
375 2515 425 2575 per
441 2493 567 2557 Odonem
590 2497 625 2558 de
640 2497 734 2558 Balma
750 2496 785 2558 de
800 2495 939 2578 Oysencio
953 2490 1211 2572 dom⁰dalphinoet

129 2589 317 2651 terminum...
424 2669 428 2676 η

126 2716 139 2743 0
169 2688 239 2765 678.
270 2695 349 2764 ltem,
376 2689 462 2771 quod.
485 2690 696 2752 instrumentum
713 2690 756 2772 (ut
775 2691 859 2773 618),
883 2689 1027 2752 continens
1052 2686 1208 2768 homagium

128 2784 224 2866 ligium
241 2786 384 2865 prestitum
400 2807 449 2867 per
461 2788 615 2850 Petrumde
628 2787 832 2849 Molariodom0
842 2786 972 2868 dalphino
985 2800 1013 2849 et
1022 2784 1206 2848 terminum...

168 2882 238 2962 679.
257 2888 336 2956 ltem,
363 2884 449 2963 quod.
467 2884 543 2964 publ.
557 2885 768 2946 instrumentum
785 2884 917 2965 scriptum
930 2904 1012 2945 manu
1029 2882 1104 2945 Petri
1118 2883 1210 2943 Char·
1263 2914 1264 2919 1

128 2979 185 3039 vini
200 2980 301 3040 notarii
328 2981 420 3061 pubi,
436 2982 488 3043 sub
510 3003 583 3043 anno
607 2983 660 3044 Diri
684 2982 1004 3060 m⁰cc⁰uxx10,indic.
1029 2997 1069 3057 xe,
1095 2980 1139 3042 die
1170 2997 1209 3040 ura

128 3075 244 3151 januarii
268 3092 398 3156 exeunte,
425 3080 569 3141 continens
596 3080 789 3143 vendicionem
810 3078 1123 3142 factamdom⁰hndree
1146 3077 1209 3138 dal-

127 3173 215 3252 phino
229 3194 279 3255 per
293 3175 369 3236 dom.
389 3184 535 3258 Hugonem
552 3177 587 3239 de
608 3184 692 3239 Porta
722 3178 834 3240 Truinia
853 3178 976 3254 militem,
995 3176 1030 3239 dc
1047 3175 1168 3237 dominio
1181 3188 1209 3236 et

127 3271 259 3351 segnoria
275 3272 350 3352 quod
362 3286 389 3334 et
401 3295 482 3355 quam
502 3273 622 3337 habebat
633 3276 661 3337 in
677 3276 762 3338 domo
773 3275 931 3358 Raymundi
944 3273 1062 3336 Calnesii
1076 3273 1205 3335 condam.

168 3368 238 3430 680.
257 3376 336 3445 item,
350 3371 436 3452 quod.
452 3373 529 3453 publ.
555 3372 766 3434 instrumentum
781 3372 824 3455 (ut
840 3373 924 3455 ⁶18),
942 3373 1086 3434 continens
1109 3371 1208 3431 homa-

126 3466 204 3547 gium
217 3466 311 3546 ligium
317 3469 461 3549 prestitum
474 3469 648 3550 pernobilem
658 3471 832 3531 Morardum¹
845 3471 880 3532 de
892 3470 979 3532 Arciis
988 3470 1067 3531 dom⁰
1077 3467 1207 3549 dalphino

126 3577 155 3627 et
171 3564 320 3625 terminum
331 3566 468 3645 assignac.
481 3567 532 3628 sub
546 3586 618 3647 pena
627 3567 810 3629 feudorum...

167 3661 238 3722 681.
260 3668 338 3736 item,
363 3661 448 3742 quod.
472 3661 548 3742 publ.
566 3662 776 3723 instrumentum
794 3662 837 3744 (ut
850 3661 934 3744 631),
951 3662 1095 3724 continens
1112 3663 1207 3724 homa-

124 3758 203 3838 gium
220 3757 313 3838 ligium
331 3759 474 3838 prestitum
499 3759 576 3819 dom⁰
590 3758 720 3838 dalphino
741 3778 791 3839 per
807 3758 969 3820 Maurellum
989 3758 1120 3841 Poysiani
1135 3759 1206 3842 'Tri-

125 3855 236 3916 viarum
248 3869 275 3916 et
287 3856 471 3919 terminum...
485 3857 536 3919 sub
551 3876 622 3937 pena
633 3855 788 3918 feudorum.
1264 3855 1268 3861 ’

166 3951 237 4013 682.
259 3959 339 4030 ltem,
355 3953 441 4034 quod.
458 3953 535 4034 publ.
557 3953 768 4015 instrumentum
783 3952 939 4016 conlectum
959 3952 1002 4034 (ut
1015 3951 1126 4034 631)...
1155 3972 1201 4016 an.

167 4173 189 4209 r.
206 4154 245 4209 En
259 4172 292 4209 m.
310 4156 344 4211 H.
361 4155 482 4212 hlotardi.
