2716 4784
605 371 762 432 ..80-

147 501 189 572 nis
217 501 298 563 beate
324 500 422 576 Marie,
454 501 599 563 continens
625 500 766 582 quoddam
792 499 1022 579 compromissum
1036 496 1199 560 factuminter

146 611 274 678 potentes
284 597 359 659 viros
373 597 449 660 dom.
466 598 622 679 Philippum
643 598 761 660 electum
784 595 1011 677 Lugdunensem,
1037 595 1147 657 nomine
1164 613 1199 655 suo

146 707 175 755 et
189 694 300 774 capituli
314 694 527 770 valentinensis,
544 715 578 756 ex
593 714 647 755 una
663 708 742 775 parte
758 706 786 755 et
799 693 876 754 dom.
893 692 1050 774 Guigonem
1065 691 1199 772 dalphinum

121 790 127 797 '
146 811 181 852 ex
195 790 293 867 altera,
308 810 392 871 super
406 791 596 873 questionibus
611 811 664 872 que
679 791 750 852 inter
763 790 838 869 ipsos
850 789 1039 852 movebantur
1054 807 1138 870 super
1149 788 1201 850 lacto

146 887 181 948 de
196 894 332 970 Annonay
345 901 373 949 et
384 887 419 949 de
432 896 583 968 Argentatz
596 888 708 949 nomine
731 887 848 949 ecclesie
866 885 1073 967 Lugdunensis,
1090 899 1118 947 et
1142 900 1203 964 super

146 983 311 1064 quibusdam
323 984 406 1047 rebus
416 985 476 1046 aliis
489 985 601 1046 nomine
614 984 730 1047 ecclesie
748 983 950 1047 valentinensis
958 983 1099 1045 contentis
1113 980 1205 1043 indicta

146 1080 254 1159 littera;
271 1095 299 1143 et
312 1101 363 1162 pro
377 1095 455 1162 parte
478 1081 542 1143 dicti
560 1081 636 1143 dom.
656 1081 778 1162 delphini
799 1100 883 1162 super
896 1093 987 1142 castro
1003 1080 1040 1141 de
1055 1085 1176 1161 Septemo
1186 1088 1207 1138 et

145 1177 284 1239 territorio
312 1177 436 1257 ejusdem
453 1192 480 1240 et
507 1178 630 1258 pluribus
655 1177 715 1240 aliis
739 1178 822 1240 rebus
842 1178 870 1239 in
888 1177 949 1257 ipsa
974 1175 1128 1252 contentis,
1143 1192 1207 1255 supet

147 1274 247 1354 quibus
260 1294 290 1336 se
301 1276 551 1354 compromiserunt
561 1274 589 1337 in
603 1275 724 1336 nobilem
734 1288 763 1336 et
777 1288 917 1354 potentem
927 1274 1019 1335 virum
1031 1273 1111 1336 dom.
1128 1279 1208 1352 Hugo-

145 1390 209 1432 nem
224 1371 324 1432 ducem
340 1371 510 1452 Burgondie,
524 1372 695 1434 bernardum
708 1372 934 1435 obedianciarum
950 1370 1125 1434 Sanctilusti
1136 1369 1209 1433 eccle·

146 1469 186 1530 sie
204 1469 396 1549 Lugdunensis
406 1483 434 1530 et
446 1469 474 1531 in
486 1470 647 1550 magistrum
664 1469 816 1531 Johannem
841 1468 876 1530 de
903 1468 1071 1544 Goncelino,
1090 1465 1169 1529 modo
1190 1478 1210 1525 et

148 1564 237 1626 forma
257 1565 374 1627 indicta
390 1565 480 1628 littera
494 1567 642 1628 contentis.

188 1680 257 1741 402.
274 1670 353 1739 Item,
382 1664 465 1744 qued.
494 1663 530 1724 al.
547 1663 642 1724 lietera
665 1662 774 1724 duobus
793 1661 931 1742 sigillis‘in
948 1660 1084 1741 pendenti
1098 1657 1209 1740 sigillata,

148 1758 251 1839 scripta
261 1760 313 1821 sub
325 1779 397 1820 anno
413 1759 466 1821 Drii
480 1765 698 1835 M⁰CC⁰LX011⁰,
710 1760 754 1820 die
768 1777 843 1819 xuu⁰
854 1756 967 1819 kalend.
980 1755 1150 1832 decembris,
1161 1771 1211 1816 con·

148 1855 240 1918 tineus
255 1856 484 1936 compromissum
497 1856 599 1917 lactum
626 1856 697 1916 inter
712 1854 851 1934 predictos
867 1854 944 1914 dom.
974 1852 1096 1915 electum
1119 1847 1212 1930 Lugdu·

148 1970 263 2016 nensem
277 1967 304 2014 et
310 1953 386 2014 dom.
398 1952 553 2033 Guigonem
562 1951 731 2031 dalphinum,
748 1950 794 2030 qui
805 1969 834 2011 se
845 1947 1147 2030 compromisseruntin
1156 1946 1211 2006 diros

152 2053 298 2127 Hugonem
321 2047 419 2109 ducem
448 2047 608 2129 Burgundio
636 2062 665 2110 et
691 2047 817 2109 Odonem
839 2047 969 2110 comitem
1001 2045 1212 2130 Niverniensem,

148 2162 233 2222 super
246 2143 435 2223 questionibus
456 2158 610 2208 castrorum
624 2144 659 2206 de
671 2152 818 2226 Annonay,
848 2145 883 2207 de
898 2142 1082 2223 Argenteum,
1106 2143 1141 2204 de
1155 2146 1210 2220 Sep

150 2253 224 2301 temo
245 2254 272 2301 et
293 2241 328 2302 de
343 2240 412 2302 Villa
427 2247 519 2317 Nova,
538 2242 683 2306 continens
703 2242 784 2304 etiam
799 2242 891 2322 plures
907 2241 1057 2322 petitiones
1073 2241 1158 2303 factas
1173 2253 1211 2318 per

152 2333 241 2398 dictos
255 2337 374 2399 arbitros
395 2352 423 2400 et
437 2340 635 2419 responciones
662 2340 749 2401 factas
770 2359 821 2420 per
845 2339 933 2401 dictas
954 2351 1060 2419 partes,
1083 2335 1209 2399 continens

152 2432 239 2496 eciam
253 2435 346 2515 plures
360 2436 566 2499 convenciones
590 2450 617 2499 et
640 2451 721 2518 pacta
734 2436 823 2516 jurata
849 2451 877 2499 et
903 2450 1057 2500 conventas
1072 2436 1144 2498 inter
1156 2434 1208 2496 dict.

150 2544 253 2612 partes,
270 2546 352 2612 prout
366 2533 394 2593 in
409 2533 470 2613 ipsa
487 2533 594 2613 plenius
607 2534 773 2596 continetur.
1150 2604 1156 2615 ,

190 2646 259 2706 403.
274 2634 353 2701 Item,
370 2629 454 2709 qued.
471 2629 550 2691 litera
564 2631 592 2690 in
607 2629 738 2710 pendenti
751 2629 879 2710 sigillata,
895 2629 997 2709 scripta
1014 2629 1068 2691 sub
1086 2647 1156 2691 anno
1168 2624 1208 2688 Dii

151 2730 340 2786 M0CC⁰LXV1
345 2732 378 2798 1⁰,
390 2744 479 2788 nonas
489 2727 566 2805 iunii,
577 2728 722 2790 continens
732 2726 961 2806 compromissum
975 2725 1079 2788 lactum
1089 2725 1206 2806 perdom.

151 2819 306 2899 Guigonem
329 2820 488 2900 dalphinum
503 2822 621 2885 condam
639 2843 674 2885 ex
693 2843 747 2885 una
763 2837 842 2904 parte
858 2837 886 2886 et
908 2823 984 2884 dom.
1003 2823 1168 2884 Anhaudum
1181 2818 1207 2879 de

152 2915 316 2977 Rossillione
340 2916 397 2998 (et)
424 2917 597 2980 Guillelmum
618 2920 677 3000 ejus
703 2919 789 2981 filium
806 2941 840 2982 ex
868 2919 965 2994 altera,
985 2937 1072 2999 super
1091 2911 1168 2981 feudo
1187 2922 1208 2973 et

151 3010 273 3073 dominio
283 3013 366 3074 castri
383 3013 418 3075 de
434 3015 612 3078 Rossillione.
719 3057 720 3060 =

190 3125 259 3188 404.
278 3116 358 3186 ltem,
370 3111 455 3191 quod.
468 3112 680 3175 instrumentum
695 3114 826 3195 scriptum
841 3132 924 3176 manu
937 3112 1043 3174 hlberti
1057 3112 1094 3175 de
1117 3104 1208 3190 urayda

150 3208 261 3282 notarii,
291 3208 343 3277 sub
369 3227 442 3269 anno
470 3209 523 3270 Dr'ri
542 3217 773 3286 nt⁰cc0xe⁰1110,
792 3210 837 3272 die
869 3209 978 3272 veneris
994 3223 1059 3289 post
1086 3200 1208 3270 iestumb¹

152 3304 318 3387 Nich(olai),
347 3305 492 3367 continens
522 3306 700 3370 donationem
728 3309 828 3370 factam
857 3326 907 3389 per
934 3306 1066 3368 Pontium
1086 3303 1209 3367 dominun

153 3402 325 3464 Montislauri
342 3401 422 3464 dom⁰
436 3402 578 3482 dalphino,
596 3405 631 3466 de
660 3404 720 3484 jure
736 3405 810 3485 quod
828 3403 949 3465 habebat
972 3402 1000 3463 in
1031 3401 1211 3464 mandamento

152 3499 309 3562 Pisanciani
326 3499 395 3562 dict.
418 3499 549 3577 Poncius.

190 3615 260 3677 405.
279 3604 358 3672 ltem,
380 3597 467 3677 quod.
494 3598 705 3659 instrumentum
729 3598 862 3678 scriptum
878 3617 961 3660 manu
984 3596 1070 3676 Guig.
1088 3588 1217 3658 Frumenti

152 3705 225 3767 not.,
240 3693 292 3755 sub
307 3713 380 3755 anno
398 3693 452 3754 Dr'ri
468 3697 751 3772 nt⁰ccc⁰xxxr111⁰,
768 3695 813 3756 die
829 3715 893 3756 vnta
902 3692 1005 3756 mensis
1013 3692 1145 3772 januarii,
1160 3713 1220 3758 con·

152 3789 242 3852 tinens
259 3790 417 3871 homagium
432 3791 577 3871 prestitum
606 3791 719 3853 domino
748 3805 845 3854 nostro
870 3791 1001 3872 dalphino
1023 3807 1076 3870 per
1098 3791 1223 3854 Raimun·

154 3882 219 3944 dum
235 3883 270 3945 de
284 3884 362 3947 valle
376 3900 404 3948 et
420 3886 552 3966 assignat.
570 3887 679 3949 termin.
696 3887 731 3948 ad
746 3888 1004 3968 recognoscendum
1019 3886 1076 3965 jam
1091 3887 1206 3969 lapsum.
1246 3899 1249 3904 ·

174 3983 244 4060 406.
263 3989 341 4056 l'tem,
358 3983 443 4063 quod.
455 3983 666 4045 instrumentum
679 3985 810 4064 scriptum
824 4004 907 4046 manu
921 3984 1068 4046 Alamandi
1084 3986 1121 4049 de
1138 3984 1228 4047 Bello-

103 4131 107 4141 .
155 4076 250 4139 videre
266 4079 377 4152 notarii,
394 4079 445 4139 sub
462 4100 535 4142 anno
558 4081 611 4141 Dr'ri
629 4086 888 4156 M⁰CC⁰LXXV110,
907 4081 952 4143 die
964 4080 1029 4143 lune
1050 4096 1121 4146 ante
1135 4083 1230 4146 festum
