2716 4784
603 390 758 451 ..3⁶-

142 521 389 584 emolumentorum
406 519 442 580 de
457 519 600 592 Romania,
621 517 705 580 videl.
729 519 805 580 dom.
825 517 1036 600 rranerrscum)
1051 515 1089 579 de
1102 515 1203 590 Theaio,

144 617 321 698 Rodulphum
333 615 369 676 de
382 613 527 689 comeriis,
544 614 692 676 Girardum
708 615 745 676 de
760 615 898 677 Temiaco
912 614 1028 677 militem
1043 627 1073 676 et
1084 611 1205 696 quosdam

142 714 222 776 alios.
868 778 870 787 ,

181 827 251 888 43¹·
267 815 346 882 item,
362 806 447 886 qued.
462 805 539 868 litera
552 806 580 867 in
604 806 735 886 pendenti
755 807 872 889 sigillata
887 808 977 891 sigillo
994 809 1072 870 dom¹
1086 806 1207 888 Guigonis

143 905 263 987 dalphini
280 904 410 978 condam,
425 903 525 983 scripta
537 911 611 964 xnu⁰
620 903 733 964 kalend.
743 903 921 980 madii,anno
931 905 986 966 Dhi
995 909 1206 978 M0CC⁰XL1110,

141 1002 238 1064 indict.
254 1013 287 1075 ι’,
303 999 448 1060 continens
461 999 535 1078 quod
550 999 627 1060 dom.
642 998 789 1079 dalphinus
813 999 955 1080 predictus
973 1001 1041 1064 iecit
1062 1000 1207 1081 homagium

142 1098 222 1160 dom⁰
238 1096 447 1176 archiepiscopo
462 1095 651 1176 (Viennensi),
667 1114 719 1175 pro
735 1115 766 1157 se
780 1097 930 1159 etnomine
944 1097 1011 1160 dicti
1027 1097 1143 1178 capituli
1152 1096 1209 1158 reci·

143 1193 239 1276 pienti,
256 1206 284 1255 et
299 1192 335 1253 ab
350 1191 448 1252 eodem
473 1191 635 1271 recognovit
660 1205 756 1254 tenere
782 1193 943 1255 comitatum
963 1195 1154 1257 Viennensem
1173 1192 1209 1274 qui

144 1291 226 1352 durat
238 1289 274 1351 ab
287 1288 405 1350 ecclesia
420 1288 512 1349 Sancti
524 1287 661 1350 vincentii
675 1289 745 1351 ultra
767 1291 918 1371 vorapium
935 1290 1081 1353 interduo
1112 1291 1209 1352 humina

146 1385 254 1448 Rodani
267 1398 295 1447 et
307 1391 394 1446 Ysare
403 1385 432 1445 in
448 1385 569 1465 longum·
589 1399 617 1447 et
639 1385 736 1460 latum,
752 1387 886 1469 cujusque
899 1388 935 1450 sit
948 1388 1083 1464 diocesis,
1099 1401 1129 1450 et
1152 1387 1209 1448 ultra

147 1484 292 1546 Rodanum
306 1500 356 1561 per
370 1495 456 1544 totam
472 1482 605 1544 diocesim
619 1483 726 1546 vienne
735 1504 823 1566 usque
840 1486 874 1546 ad
887 1486 980 1548 locum
995 1486 1045 1566 qui
1068 1484 1211 1566 appellatur

147 1580 255 1642 Furche
271 1579 306 1641 de
321 1578 420 1652 Podio,
438 1579 490 1663 qui
498 1578 575 1639 locus
590 1579 688 1641 dividit
710 1581 903 1660 Agniciensem
917 1581 1054 1643 diocesim
1073 1601 1092 1642 a
1121 1578 1210 1642 dnos
1237 1659 1240 1663 ἵ

145 1677 305 1752 Viennensi,
319 1677 384 1738 item
400 1675 467 1737 iecit
487 1675 645 1756 homagium
660 1694 712 1756 pro
724 1689 790 1738 toto
813 1690 906 1740 castro
920 1679 956 1740 de
972 1677 1124 1740 Malavalle
1148 1675 1218 1758 quod.

143 1776 257 1839 tenebat
273 1775 408 1837 reddibile
430 1774 466 1836 ab
492 1773 713 1854 archiepiscopo,
741 1774 808 1836 item
822 1776 949 1838 'tenebat
978 1789 1105 1838 castrum
1131 1773 1211 1836 Sancti

145 1871 267 1956 Qrintini
280 1870 352 1933 ultra
367 1878 481 1932 iseram
497 1890 514 1931 a
530 1870 609 1932 dom⁰
625 1872 847 1954 archiepiscopo,
871 1887 900 1935 et
920 1872 1091 1935 castellanus
1111 1869 1212 1933 hlbonis

145 1970 223 2031 altari
238 1968 332 2030 Sancti
346 1967 465 2029 Mauritii
479 1968 585 2029 Vienne
598 1968 724 2049 quolibet
733 1989 807 2031 anno
824 1970 852 2030 in
868 1969 959 2049 uigilia
976 1969 1040 2032 festi
1054 1970 1123 2032 dicti
1136 1965 1211 2031 sancti

144 2064 266 2127 debebat
280 2064 379 2124 oilerre
399 2082 406 2122 r
422 2082 533 2125 cereum
547 2083 596 2126 seu
613 2066 756 2127 candelam
773 2084 811 2127 xu
827 2066 958 2128 librarum
972 2085 1049 2128 cere.
1152 2062 1158 2075 ’

184 2177 254 2238 432·
282 2168 360 2234 item,
385 2161 471 2241 quod.
496 2161 707 2223 instrumentum
724 2162 801 2242 publ.
819 2160 990 2233 confectum
1007 2183 1094 2224 manu
1127 2161 1210 2224 Jacob'

146 2256 287 2320 Chaurerii
301 2256 400 2319 notarii
425 2258 503 2337 publ.
522 2272 550 2320 et
568 2259 707 2339 signatum
720 2279 803 2321 manu
816 2260 891 2322 Petri
907 2260 1064 2340 Borgorelli
1081 2274 1155 2336 not,
1168 2259 1211 2322 auh

143 2374 217 2417 anno
230 2360 339 2415 incarn.
355 2354 442 2416 Driice
456 2362 722 2433 M⁰CC⁰LXXX1H⁰,
737 2357 834 2419 indict.
852 2358 905 2432 xu',
918 2356 1008 2438 pridie
1020 2356 1086 2419 idus
1100 2356 1211 2439 augusti,

143 2453 288 2515 continens
300 2452 329 2514 in
339 2452 467 2514 omnibus
480 2465 509 2514 et
515 2469 564 2532 per
570 2453 663 2513 omnia
677 2454 836 2535 homagium
846 2467 873 2515 et
880 2453 1104 2534 recognitionem
1119 2455 1210 2521 dudum

142 2552 241 2614 laetam
258 2570 309 2632 per
320 2551 396 2612 dom.
415 2549 597 2612 Humbertum
611 2549 807 2632 (dalphinum)
817 2551 1003 2613 Viennensem
1021 2550 1211 2632 dominumque

144 2648 291 2722 deTurre,
301 2647 453 2708 comitatus
468 2646 573 2708 Vienne
583 2660 610 2708 et
626 2647 744 2726 plurium
757 2661 912 2709 castrorum
921 2647 1211 2728 dom⁰archiepiscopo

141 2745 260 2819 vienne,
273 2758 355 2824 prout
368 2744 470 2824 inipso
483 2744 665 2805 instrumento
685 2745 843 2806 continetur
859 2758 887 2806 et
901 2757 985 2825 prout
995 2744 1026 2805 in
1036 2744 1126 2807 literis
1141 2763 1211 2825 supra

142 2840 267 2921 proxime
282 2840 433 2920 designatis
450 2841 617 2916 continetur,
641 2841 717 2921 quod
740 2841 952 2903 instrumentum
969 2839 1123 2921 sigillatum
1136 2838 1210 2904 estin

143 2935 274 3017 pendenti
286 2935 380 3014 sigillis
394 2935 531 2997 dictorum
547 2936 596 2997 dd.
611 2936 810 3018 archiepiscopi
825 2951 853 2999 et
865 2937 997 3018 dalphini.

183 3051 253 3112 433.
273 3039 351 3106 Item,
370 3030 455 3113 quod.
471 3033 683 3095 instrumentum
703 3033 780 3113 publ.
805 3034 963 3097 conlectum
984 3053 1071 3097 manu
1090 3032 1210 3097 Johanuis

145 3131 269 3193 Pastoris
284 3144 358 3207 not,
375 3122 561 3212 subscriptum
573 3144 601 3192 et
616 3130 754 3210 signatum
766 3130 893 3194 manibus
903 3146 931 3194 et
940 3132 1028 3212 signis
1039 3133 1108 3196 dicti
1122 3130 1210 3195 notari

143 3243 172 3292 et
198 3228 336 3291 Guillelmi
359 3228 405 3291 del
433 3235 500 3306 Bos,
525 3227 668 3290 Michaelis
690 3228 867 3303 Vertomani,
891 3229 1025 3295 Johanuis
1051 3229 1089 3291 de
1113 3227 1209 3301 hoello,

144 3327 289 3389 Bertrandi
302 3326 338 3387 de
352 3326 512 3400 Chamiaco,
531 3325 667 3387 Henricus
683 3325 809 3402 Guarini,
827 3326 903 3389 Petri
915 3325 1038 3388 anselmi
1048 3327 1209 3390 notariorum

143 3424 261 3504 public,
270 3424 417 3486 continens
422 3408 523 3502 “plures
535 3435 614 3484 actus
628 3436 656 3484 et
665 3435 798 3485 tractatus
805 3423 914 3485 habitos
926 3425 1211 3504 superpermutatione

144 3522 298 3584 medietatis
314 3522 379 3583 ville
393 3521 429 3583 de
443 3521 575 3582 Romanis
591 3533 619 3581 et
628 3520 703 3599 ipsas
717 3521 939 3599 permutaciones
956 3519 1046 3583 iactas
1059 3541 1114 3600 pro
1131 3534 1211 3585 castro

144 3619 179 3680 de
206 3619 331 3681 nvisanis
360 3618 396 3679 ad
429 3617 531 3678 dictam
559 3617 746 3693 medietatem,
769 3631 797 3678 et
813 3617 888 3698 quod
902 3637 974 3697 papa
988 3616 1140 3681 tenebatur
1154 3619 1212 3681 dare

135 3717 222 3779 dom⁰
236 3715 367 3796 dalphino
382 3718 460 3776 lillm
475 3717 607 3777 ilorenor.
623 3714 682 3777 auri
697 3735 748 3795 pro
762 3715 956 3795 plurivalentia
971 3716 1056 3777 castri
1069 3716 1190 3779 Avisani.

182 3831 253 3893 434.
272 3820 351 3890 ltem,
367 3814 453 3895 quod.
465 3812 542 3893 publ.
552 3813 764 3875 instrumentum
772 3814 928 3876 conlectum
937 3833 1021 3891 manu
1030 3813 1173 3876 vincentii
1184 3812 1215 3874 de

113 3923 117 3930 '
142 3911 282 3992 Cognerio
293 3924 321 3972 et
333 3911 392 3989 eiua
405 3911 485 3992 signo
499 3911 636 3991 signatum
651 3929 684 3971 ac
697 3910 833 3989 signatum
847 3924 875 3973 et
891 3910 1080 3990 subscriptum
1094 3910 1217 3973 manibus

144 4009 220 4073 Petri
235 4010 271 4071 de
288 4016 377 4091 Pupa,
392 4008 521 4072 Anthonii
537 4009 572 4070 de
586 4015 675 4070 Cruce
689 4022 717 4071 et
731 4008 888 4070 Ysmidonis
905 4009 940 4071 de
957 4015 1083 4073 lavautz
1096 4010 1219 4072 notario-

142 4125 203 4170 rum
217 4108 335 4190 public.,
350 4108 495 4170 continens
504 4106 641 4169 etfaciens
655 4106 827 4169 mencionem
851 4125 935 4187 super
944 4126 1078 4187 processu
1089 4108 1126 4192 de
1144 4106 1219 4169 iacto
