2722 4770
591 429 630 441 ..
655 395 708 475 196
728 428 767 440 .-

142 525 211 586 curii
225 541 288 607 post
304 525 481 588 Nativitatem
505 523 614 587 Domini
632 537 684 586 ιιιιΙ
698 525 810 587 kalend.
825 523 953 602 januarii,
970 522 1051 586 indit.
1064 534 1117 600 vr²‚
1129 521 1207 585 conti-

142 640 212 684 nens
226 623 404 687 donationem
418 624 518 687 factam
531 624 566 685 de
576 637 668 686 castro
683 636 711 685 et
724 623 919 684 mandamento
927 622 1021 684 Sancti
1037 620 1171 683 lobannis
1179 619 1207 680 de

143 726 255 805 Bomay
271 723 349 785 dom⁰
360 722 513 785 llumberto
527 722 670 802 dalphino,
683 721 796 783 domino
819 721 855 783 de
869 727 958 783 Turre
981 733 1010 782 et
1029 719 1065 781 de
1082 719 1208 798 Colump

141 820 233 896 niaco,
252 840 302 901 per
318 821 476 883 Drodonem
487 819 628 881 dominum
643 819 678 880 de
694 817 867 880 Bellouidere
882 831 910 880 et
932 818 968 880 de
995 824 1104 893 Marco,
1134 830 1162 878 et
1175 828 1208 877 est

142 916 291 998 sigillatum
305 917 371 979 dict.
386 918 597 979 instrumentum
615 915 643 976 in
656 915 799 996 pendenti.

187 1032 272 1093 too3.
287 1021 366 1090 ltem,
387 1014 474 1095 quod.
490 1013 567 1095 publ.
588 1013 799 1074 instrumentum
823 1007 954 1091 scriptum
978 1031 1063 1073 manu
1083 1008 1208 1093 Aymonis

142 1110 179 1172 de
195 1111 328 1174 Tornalol
358 1111 458 1172 notarii
473 1109 551 1191 publ.
580 1109 632 1172 sub
658 1128 732 1171 anno
758 1109 811 1170 uni
830 1115 1049 1186 tn⁰110uxxvr⁰,
1068 1108 1155 1170 indic.
1174 1117 1207 1183 v²,

90 1213 99 1229 ⁰
141 1227 159 1268 r
171 1206 284 1270 kalend.
302 1207 436 1282 octobris,
448 1207 593 1269 continens
607 1206 765 1287 homagium
780 1206 873 1286 ligium
885 1207 1030 1287 prestitum
1042 1225 1094 1287 per
1103 1205 1210 1267 Guillre-

142 1303 208 1365 dum
226 1305 260 1366 de
274 1304 394 1379 viriaco,
409 1305 550 1366 dominum
566 1304 668 1366 Montis
685 1303 801 1378 Revelli,
821 1303 899 1364 dom⁰
914 1302 1070 1365 Humbetto
1085 1301 1209 1383 dalphino

141 1399 310 1481 dominoque
332 1399 368 1462 de
391 1407 491 1478 Turre,
516 1416 544 1465 et
559 1402 724 1484 recognovit
744 1401 817 1463 idem
842 1401 1000 1462 Guillredus
1021 1420 1053 1463 se
1074 1398 1210 1463 tenerein

140 1496 253 1558 seudum
265 1518 281 1559 a
298 1497 373 1560 dicto
385 1498 462 1560 dom.
477 1499 609 1580 dalphino
624 1512 652 1561 et
663 1498 698 1560 de
711 1505 810 1574 Turre,
829 1497 857 1557 in
867 1496 961 1578 primis
974 1509 1032 1557 tres
1047 1509 1143 1577 partes
1156 1512 1210 1573 cat-

139 1597 175 1659 tri
191 1611 220 1658 et
232 1597 313 1677 burgi
327 1597 429 1659 Montis
442 1597 560 1672 Revelli,
575 1595 708 1678 quidquid
724 1595 885 1677 possidebat
893 1596 921 1656 in
935 1592 1135 1656 mandamento
1149 1593 1211 1672 ejus·

140 1696 215 1772 dem,
231 1696 296 1758 item
310 1696 423 1757 seudum
439 1696 474 1757 dc
490 1696 628 1772 Dolomel,
646 1696 678 1757 it.
694 1693 828 1774 quidquid
851 1693 970 1755 habebat
986 1692 1064 1754 dom.
1084 1690 1212 1754 Martinus

58 1805 62 1816 ¹
140 1791 176 1853 de
191 1793 270 1855 Vires
280 1793 308 1854 in
320 1792 385 1855 uilla
398 1806 426 1854 et
443 1794 638 1855 mandamento
662 1791 698 1852 de
717 1797 818 1865 Turre,
837 1791 868 1852 it.
896 1803 1022 1871 quartam
1051 1803 1159 1870 partem
1182 1787 1211 1849 de

140 1889 226 1965 Vires,
241 1890 272 1952 it.
299 1890 432 1970 quidquid
460 1890 581 1953 habebat
607 1889 677 1951 intra
702 1887 894 1970 leycheriam3
918 1901 946 1949 et
959 1886 1123 1949 continebat
1144 1883 1211 1968 quod

140 1985 213 2047 idem
229 1986 387 2048 Guiffredus
402 1987 539 2068 quittabat
568 1987 642 2049 dicto
661 1987 737 2063 dom.
762 1985 893 2065 dalphino
923 1999 951 2048 et
968 1985 1004 2047 de
1027 1991 1119 2048 Turre
1141 1987 1211 2067 plura

139 2080 222 2142 feuda
235 2082 347 2144 interra
363 2083 471 2159 Turris,
502 2096 586 2164 prout
614 2083 642 2143 in
666 2082 726 2163 ipso
753 2081 842 2144 instrto
861 2081 987 2163 predicta
1002 2081 1112 2163 plenius
1126 2082 1211 2146 conti·

140 2189 251 2239 nentur.

184 2293 268 2353 rro4.
287 2282 365 2351 ltem,
387 2275 472 2355 qued.
496 2275 585 2337 littera
609 2275 645 2337 ab
667 2274 776 2337 officiali
796 2275 872 2336 curie
889 2275 1057 2338 ,Viennensis
1072 2289 1209 2351 emanata,

140 2371 242 2453 scripta
256 2390 338 2433 manu
352 2368 492 2433 iohannis
506 2371 628 2452 Fellape,
647 2371 698 2433 sub
715 2389 788 2433 anno
808 2371 861 2432 uni
878 2373 1036 2448 nr011⁶xc⁰,
1052 2390 1081 2432 xi
1101 2370 1209 2434 kalend.

139 2470 260 2551 augusti,
276 2469 421 2532 continens
435 2469 510 2550 quod
524 2469 600 2530 dom.
617 2469 751 2551 thymode
768 2466 942 2543 Boczosello,
960 2466 1090 2530 dominus
1106 2467 1143 2530 de
1160 2474 1213 2530 hla-

138 2565 265 2644 lobosco‚
283 2566 430 2629 confitetur
443 2585 478 2627 ex
494 2584 577 2628 causa
601 2565 795 2627 transactionis
816 2565 888 2626 lacte
914 2564 985 2626 inter
1008 2583 1072 2625 eum
1093 2579 1123 2627 et
1140 2565 1210 2627 dom.

139 2661 299 2743 dalphinum
313 2682 364 2744 per
385 2682 483 2724 manus
503 2662 660 2724 comunium
675 2662 838 2737 amicorum,
855 2680 885 2722 se
903 2673 999 2723 tencre
1014 2661 1212 2743 imperpetuum

139 2759 252 2820 feudum
266 2778 322 2820 non
336 2772 429 2821 mmen
446 2760 581 2822 reddibile
604 2760 710 2822 ratione
726 2759 840 2820 baronie
856 2758 891 2820 de'
906 2765 1005 2823 Turre.
1020 2778 1067 2822 res
1081 2773 1111 2822 et
1125 2774 1211 2823 castra

138 2855 327 2935 infrascriptas
340 2869 368 2918 et
389 2855 482 2917 in-ta:
508 2857 596 2937 primo
621 2869 741 2918 castrum
754 2855 789 2917 de
809 2855 882 2917 Malo
905 2860 997 2917 Becco
1012 2868 1040 2918 et
1061 2851 1214 2938 specialiter

140 2940 316 3031 gardamseu
339 2952 492 3014 custodiam
515 2954 550 3015 de
563 2960 655 3029 Artas,
679 2955 743 3020 item
766 2966 886 3015 castrum
911 2953 946 3015 de
968 2953 1059 3014 Chesa
1081 2961 1164 3017 Nova
1190 2967 1214 3016 et

138 3062 226 3112 totum
244 3050 467 3112 mandamentum
481 3050 567 3131 ipsius
590 3050 685 3125 castri,
710 3051 741 3115 it.
760 3063 880 3112 castrum
898 3063 926 3112 et
942 3050 1169 3114 mandamentum
1182 3051 1214 3114 de

139 3147 179 3209 les
190 3153 319 3226 Espares,
335 3147 365 3208 it.
385 3160 504 3209 castrum
518 3166 567 3208 seu
581 3146 711 3228 poypiam
728 3146 763 3208 dc
781 3147 967 3227 hlonleupatt,
985 3146 1017 3211 it.
1032 3162 1158 3211 castrum
1169 3168 1214 3212 seu

137 3243 302 3307 fortalicium
317 3242 352 3305 de
364 3243 511 3305 Pusiniaco
526 3255 554 3305 et
567 3255 656 3305 totum
670 3243 782 3304 feudum
799 3243 875 3323 quod
888 3243 925 3305 illi
937 3243 973 3305 dc
989 3244 1105 3307 Pusinia
1121 3258 1214 3309 tenent

139 3361 155 3401 a
169 3341 244 3403 dicto
260 3347 405 3423 aymone3
432 3340 497 3403 item
513 3340 619 3402 ratione
634 3340 698 3402 dicti
718 3340 898 3420 Dalphinatus
919 3340 1085 3404 Viennensis
1104 3344 1214 3405 domum

67 3485 72 3494 .
139 3449 167 3498 et
179 3437 292 3499 feudum
309 3436 345 3497 de
361 3442 460 3518 Ruppe
478 3437 601 3511 Raudiis,
624 3438 655 3499 it.
678 3437 770 3499 villam
788 3438 823 3499 de
838 3437 996 3514 Vermella;
1018 3437 1084 3500 item
1106 3440 1215 3503 racione

138 3531 253 3595 baronie
270 3533 305 3594 de
322 3539 411 3595 Turre
425 3532 512 3609 Vires,
528 3541 681 3608 Lesartots‚
699 3535 731 3596 it.
750 3553 880 3614 magnum
899 3535 951 3596 iter
965 3533 1106 3614 publicum
1126 3535 1214 3599 sancti

97 3685 102 3693 .
137 3632 247 3709 Albani,
265 3634 296 3696 it.
319 3632 452 3714 quidquid
481 3639 570 3716 aymo
597 3632 681 3696 habet
706 3645 734 3696 et
755 3632 858 3696 habere
876 3647 969 3715 potest
988 3654 1038 3714 per
1061 3654 1092 3696 sc
1106 3636 1152 3697 vel
1168 3655 1214 3718 per

137 3727 222 3790 alium
233 3729 303 3791 infra
317 3742 438 3792 castrum
464 3744 493 3791 et
514 3729 688 3811 parrochiam
712 3730 862 3810 Burgundii
880 3749 913 3792 ex
925 3749 1105 3812 *quacumque
1120 3751 1211 3807 causa,

135 3823 202 3885 item
217 3825 308 3888 omnia
323 3838 351 3887 et
360 3826 467 3906 singula
481 3846 535 3907 que
549 3826 640 3889 dictus
653 3833 742 3908 hymo
756 3826 839 3888 habet
856 3825 885 3888 in
899 3825 1030 3906 predictis
1044 3840 1072 3889 et
1085 3828 1138 3890 sub
1153 3829 1213 3911 plu·

137 3921 311 4004 ribuspactis
325 3923 464 3987 contentis
476 3923 508 3986 in
520 3923 580 4005 ipsa
595 3925 695 3987 littera.

182 4037 265 4098 ¹¹05·
282 4026 361 4098 Item,
377 4021 461 4102 qued.
475 4022 564 4084 littera
578 4021 755 4102 pargaminea
781 4021 898 4102 sigillata
927 4023 956 4085 in
976 4024 1111 4105 pendenti
1124 4023 1210 4106 sigillo

137 4115 216 4176 dome
243 4117 392 4196 Margarite
413 4117 450 4178 de
475 4124 576 4193 cruce,
602 4117 714 4178 domine
742 4124 862 4194 antone,
880 4120 982 4200 scripta
991 4121 1045 4184 sub
1059 4140 1135 4186 anno
1160 4119 1210 4182 Dr'ri
