2716 4784
525 451 680 509 -„-

64 563 213 643 dalphinus
227 564 399 640 Viennensis,
415 564 483 626 citra
491 564 698 625 revocationem
708 577 918 644 procuratorum
930 583 1054 637 suorum,
1070 564 1146 639 fecit,

63 660 209 721 constituit
221 673 249 721 et
259 659 398 722 ordinavit
414 680 479 722 suos
500 672 708 741 procuratores,
738 660 823 722 videl.
839 663 936 722 venlent
952 661 1041 722 virum
1069 659 1146 721 dom.

63 757 200 819 Jacobum
215 757 353 832 Brunerii,
370 757 446 819 dom.
478 758 686 840 Franc(iscum)
703 759 738 820 de
752 765 852 820 Parma
863 772 891 820 et
905 759 981 819 dom.
1013 758 1148 838 Ste(pha-

64 844 148 937 num)
165 855 263 930 Pelati,
279 855 314 916 ad
329 875 542 918 omnescausas.

111 970 155 1029 53.
176 958 255 1025 ltem,
271 952 358 1031 quod.
375 952 514 1032 publicum
539 953 751 1014 instrumentum
769 953 926 1015 confectum
942 972 1026 1014 manu
1040 960 1147 1034 llymo-

65 1048 109 1108 nis
130 1047 245 1128 Migueti
261 1049 361 1109 notarii
376 1063 403 1110 et
417 1050 565 1129 subscripti
581 1069 664 1110 manu
686 1049 768 1111 etiam
786 1049 889 1111 Alberti
904 1050 939 1111 de
956 1048 1077 1131 Brayda‚
1093 1047 1145 1110 sub

65 1165 142 1206 anno
154 1145 233 1205 Doni*
251 1152 397 1221 M⁰lllc...,
414 1147 459 1208 die
472 1147 567 1209 martis
584 1160 648 1209 ante
659 1148 759 1208 festum
776 1147 862 1208 Marie
878 1146 1068 1227 Magdalenes,
1081 1166 1149 1227 qua-

64 1255 131 1303 tuor
145 1242 240 1322 sigillis
252 1244 279 1304 in
294 1243 426 1323 pendenti
437 1244 595 1325 sigillatum,
612 1244 757 1305 continens
771 1244 846 1324 quod
860 1244 937 1305 dom.
954 1243 1095 1304 lohannes
1112 1243 1148 1303 de

65 1339 221 1414 Cabulone,
241 1340 368 1401 dominus
390 1340 425 1402 de
442 1341 553 1414 Arlaco,
572 1341 716 1402 confessus
743 1341 794 1404 luit
818 1341 947 1403 habuisse
963 1362 979 1402 a
995 1341 1073 1401 dom⁰
1086 1340 1148 1401 dal-

66 1437 153 1517 phino
168 1444 215 1498 Vm
242 1436 325 1498 libras
341 1437 376 1498 de
388 1437 475 1517 prima
488 1437 625 1499 solutione
640 1438 712 1499 dotis
725 1439 784 1514 eius
798 1440 946 1501 consortis.

111 1553 156 1613 54.
172 1540 239 1594 ltem
257 1549 396 1613 repertum
403 1534 453 1596 fuit
466 1535 537 1595 inter
553 1535 613 1614 ipsa
627 1535 770 1615 privilegia
783 1536 868 1615 quod.
885 1536 1026 1616 publicum
1041 1534 1149 1597 instru-

67 1643 192 1692 mentum
207 1631 338 1710 scriprum
354 1651 436 1691 manu
451 1631 583 1712 Aymonis
601 1631 637 1692 de
655 1632 786 1693 Tornalol
801 1632 836 1693 de
862 1631 1071 1711 Monrelupello,
1096 1631 1148 1692 sub

67 1746 143 1788 anno
170 1727 248 1787 Domi
263 1733 488 1803 M⁰CC⁰XC.Vl⁰,
507 1728 603 1789 indict.
622 1747 672 1801 rx„
701 1727 799 1801 diem,
814 1729 934 1791 intrante
959 1749 1054 1790 mense
1068 1728 1146 1806 junii,

68 1823 215 1884 continens
228 1824 303 1904 quod
318 1825 438 1906 Alaysia,
453 1825 508 1886 lilia
522 1825 595 1885 dom¹
610 1824 755 1886 Humberti
773 1825 894 1905 dalphini
922 1839 949 1887 et
974 1826 1054 1886 dome
1069 1834 1147 1886 Anne

68 1920 212 2000 dalphine,
227 1941 296 1981 uxor
311 1922 401 1983 futura
417 1922 489 1982 domi
520 1922 627 1983 comitis
657 1921 772 1996 Foresii,
804 1921 946 2001 quictabat
971 1923 1046 1984 dicto
1070 1922 1146 1983 dom.

68 2016 203 2096 dalphino
218 2037 300 2078 omne
313 2017 354 2096 jus
371 2018 446 2098 quod
462 2018 582 2079 habebat
594 2018 711 2079 inbonis
726 2019 848 2099 paternis
863 2034 890 2081 er
907 2020 1037 2080 maternis
1064 2033 1091 2080 et
1121 2019 1149 2079 in

68 2128 131 2176 toto
152 2113 329 2194 Dalphinatu,
343 2115 370 2175 in
387 2128 461 2176 terra
478 2115 645 2194 Fucigniacii
673 2135 724 2195 pro
741 2116 806 2176 dote
835 2115 886 2177 sibi
917 2117 1067 2196 assignata,
1096 2135 1149 2196 pro

69 2225 150 2273 certa
165 2212 281 2291 pecunie
297 2212 449 2292 quantitate
464 2225 491 2273 et
501 2232 552 2293 pro
564 2213 661 2274 castris
674 2226 701 2274 et
722 2212 811 2273 feudis
828 2233 882 2294 que
909 2214 985 2274 dom.
1003 2214 1149 2293 dalphinus

69 2308 194 2370 habebat
207 2323 308 2389 aparte
320 2310 397 2389 regni
419 2309 535 2370 Francie
550 2310 620 2370 ultra
639 2310 795 2383 Rodanum,
827 2310 950 2390 exceptis
963 2311 1052 2383 feudis
1066 2311 1151 2372 nobi-

69 2405 136 2466 lium
150 2406 272 2467 virorum
283 2406 427 2481 Anhaudi,
440 2406 542 2466 domini
558 2405 719 2467 Rossillonis
730 2420 758 2466 et
770 2407 913 2482 nnoniaci,
925 2421 953 2468 et
968 2407 1102 2487 Guigonis
1115 2407 1149 2468 de

70 2504 154 2581 Anio,
173 2503 276 2564 domini
291 2503 395 2564 Salerie
406 2517 433 2565 et
441 2503 593 2586 Peyraudi,
604 2503 761 2583 etexceptis
768 2503 881 2584 guardis
896 2517 924 2565 et
937 2504 1038 2583 usagiis
1051 2504 1150 2583 prioris

70 2599 108 2660 de
135 2599 315 2680 campagnia,
344 2613 425 2680 prout
456 2600 507 2662 hec
530 2613 558 2661 et
583 2599 661 2680 plura
687 2599 738 2660 alia
758 2600 785 2661 in
795 2600 870 2661 dicto
884 2599 1067 2660 instrumento
1078 2617 1150 2660 con-

70 2698 206 2758 tinentur.

117 2813 162 2873 55.
187 2800 265 2868 irem,
279 2792 365 2874 quod.
383 2792 522 2873 publicum
548 2792 759 2853 instrumentum
786 2793 933 2873 sigillatum
959 2793 988 2853 in
1018 2792 1149 2872 pendenti

70 2911 137 2954 cera
147 2889 232 2951 rubea
247 2889 336 2970 sigillo
349 2889 461 2950 illustris
477 2889 527 2950 viri
543 2889 615 2950 dom'
628 2889 761 2951 Ludovici
776 2890 900 2969 junioris,
925 2890 1032 2951 comitis
1056 2891 1151 2951 Octin-

71 3012 138 3074 gen,
148 2991 280 3071 scriptum
288 2994 370 3051 manu
384 2990 515 3051 lobannis
531 2991 679 3066 Nicholeti,
695 2990 825 3052 subanno
838 2991 916 3052 Dom¹
925 2997 1148 3064 M⁰llchXXV⁰,

71 3089 118 3150 die
135 3101 194 3148 nura
210 3087 312 3149 mensis
326 3087 429 3167 aprilis,
453 3087 554 3149 indict(
580 3107 633 3163 rna,
652 3089 797 3150 continens
810 3090 884 3170 quod
899 3089 974 3150 dom.
995 3088 1151 3170 H(umber-

70 3187 132 3266 tus)
148 3186 292 3265 dalphinus
307 3204 363 3245 non
380 3185 544 3266 acceptabat
568 3186 751 3248 donacionem
778 3186 828 3247 sibi
851 3187 951 3248 factam
980 3206 1029 3266 per
1046 3186 1150 3246 dictum

71 3284 151 3344 dom.
168 3282 339 3343 Ludovicum
354 3281 388 3343 de
401 3301 487 3362 regno
505 3283 621 3358 vienne,
639 3284 691 3344 nisi
717 3285 744 3344 in
759 3303 825 3345 casu
851 3285 878 3344 in
903 3295 958 3365 quo
974 3284 1049 3344 dom.
1065 3283 1151 3361 impe-

72 3393 150 3441 rator
161 3392 234 3440 esset
245 3391 394 3439 coronatus
409 3379 453 3439 vel
471 3378 521 3439 nisi
537 3379 702 3458 procederet
714 3380 749 3442 de
765 3399 903 3441 consensu
920 3380 993 3440 domi
1006 3398 1088 3458 pape.

122 3474 165 3555 56.
182 3482 259 3551 Item,
277 3475 363 3556 quod.
378 3475 519 3555 publicum
533 3475 744 3537 instrumentum
752 3477 908 3538 conlectum
919 3496 1000 3537 manu
1014 3474 1150 3536 Guiilelmi

73 3570 111 3631 de
125 3571 228 3632 Bellivo
242 3572 342 3633 notarii
364 3572 454 3651 publ,
473 3571 525 3633 sub
540 3592 613 3634 anno
636 3580 773 3634 incarnat.
792 3573 935 3633 Dominice
956 3579 1146 3648 M⁰CC⁰X1X⁰,

73 3666 172 3728 indict.
187 3687 258 3743 vni„
276 3687 303 3728 xr
318 3668 430 3729 kalend.
449 3667 615 3744 decembris,
644 3669 788 3730 continens
805 3667 1016 3748 promissionem
1046 3682 1074 3730 et
1097 3682 1151 3730 ter-

72 3765 165 3826 minos
175 3766 319 3828 solutionis
331 3766 404 3827 mille
422 3785 576 3827 marcarum
591 3766 697 3844 argenti
721 3767 873 3846 assignatas
888 3786 938 3846 per
954 3767 1029 3829 dom.
1049 3762 1151 3829 wilei-¹

73 3882 151 3923 mum
168 3864 357 3944 marquionem
371 3863 567 3926 Montislerrati
577 3864 656 3924 dome
672 3863 801 3938 Beatrici,
818 3865 940 3926 consorti
954 3865 1027 3926 dom¹
1041 3864 1150 3926 Andree

73 3960 211 4041 dalphini,
226 3961 253 4020 in
269 3961 373 4021 dotem.

122 4076 167 4136 57.
185 4057 358 4137 ltem,quod.
376 4056 516 4137 publicum
531 4056 742 4119 instrumentum
765 4058 897 4137 scriptum
911 4076 994 4119 manu
1018 4056 1150 4137 Aymonis

72 4153 111 4214 de
127 4151 261 4213 Tornafol
275 4152 374 4213 notarii
393 4152 484 4232 publ,
500 4152 550 4213 sub
569 4172 642 4213 anno
666 4154 744 4214 [lomi
762 4158 965 4226 mulmento,
998 4150 1093 4213 indict.
1108 4163 1147 4225 κθ,
