2716 4784
599 407 787 481 -132-·

148 537 241 585 mento
255 522 329 585 idem
346 530 434 605 Itymo
455 521 532 584 dedit
544 520 619 582 dicto
641 519 774 604 Syboudo
793 538 875 583 omne
889 520 933 599 ius
949 519 1003 582 sibi
1024 520 1209 602 competensin

146 620 236 683 feudis
248 619 424 702 supradictis.

187 737 255 798 754.
278 725 356 793 Item,
374 715 460 799 quod.
476 714 553 797 publ.
568 715 778 778 instrumentum
793 716 924 796 scriptum
948 735 1033 778 manu
1055 717 1139 797 Guig.
1155 721 1210 778 Itu

146 816 230 879 menti
245 815 280 878 de
295 813 485 895 Grationopoli
499 827 558 875 not.
570 814 638 894 pub.
655 813 707 875 sub
721 815 859 876 annolini
876 815 1208 890 moccc0XL1110,indic.
1252 856 1253 861 κ

145 924 197 990 x1²‚
214 912 258 973 die
272 930 318 972 xxi
333 910 434 972 mensis
446 909 579 985 octobris,
594 910 739 972 continens
746 911 962 990 permutationes
973 911 1066 975 factas
1072 912 1208 975 interdum.

147 1009 319 1071 Hunbertum
335 1007 493 1088 dalphinum
509 1008 692 1069 Viennensem
707 1027 741 1069 en
756 1028 810 1069 una
824 1022 902 1089 parte
915 1022 944 1071 et
961 1008 1041 1071 dom.
1060 1010 1210 1073 Chabertun

145 1106 181 1168 de
199 1105 369 1180 Morestello,
386 1102 581 1166 condominum
596 1104 746 1165 Morestelli
761 1123 796 1166 en
812 1105 907 1181 altera,
926 1105 961 1167 de
971 1105 1025 1167 hiis
1040 1125 1097 1187 que
1110 1106 1211 1168 habebat

144 1202 218 1264 idem
229 1202 305 1263 dom.
322 1200 477 1262 Chabertus
494 1200 522 1261 in
536 1199 732 1262 mandamento
750 1214 779 1262 et
793 1201 933 1263 territorio
947 1201 1016 1264 dicti
1033 1203 1211 1265 Morestelliet

144 1311 204 1360 toto
228 1296 451 1379 Graysivodano‚
483 1314 544 1357 cum
580 1310 671 1358 castro
695 1296 731 1357 de
758 1298 835 1359 Bella
865 1297 978 1359 Guarda
1001 1298 1030 1359 in
1060 1298 1209 1373 Viennesiu,

144 1393 220 1476 quod
243 1408 363 1455 castrum
380 1393 415 1454 de
432 1392 507 1454 Bella
535 1393 647 1455 Guarda
662 1393 746 1455 debet
759 1407 856 1456 tenere
877 1395 904 1455 in
920 1394 1036 1456 feudum
1060 1394 1210 1458 reddibilea

143 1491 219 1554 dicto
233 1489 309 1551 dom.
326 1488 457 1570 dalphino
474 1510 482 1566 ;
501 1490 646 1551 continens
662 1490 743 1551 etiam
760 1489 853 1570 plures
866 1491 1049 1554 condiciones
1063 1506 1211 1555 etconven-

142 1587 233 1650 tiones
244 1587 324 1648 initas
338 1587 409 1648 inter
424 1587 500 1666 ipsos
516 1587 643 1648 dominos
656 1587 683 1648 in
699 1587 758 1668 ipsa
770 1589 991 1669 permutacione,
1010 1603 1098 1670 prout
1124 1591 1170 1652 hec
1189 1602 1211 1650 et

68 1740 76 1763 ,
144 1684 223 1765 plura
237 1683 290 1745 alia
306 1683 414 1763 plenius
428 1683 606 1744 continentur
617 1682 644 1743 in
659 1683 749 1744 instrto
773 1683 872 1746 eodem
892 1698 911 1745 ¹.

184 1800 219 1862 75
229 1800 253 1861 5.
274 1787 352 1856 Item,
368 1781 508 1843 sexdecim
519 1781 586 1861 pub.
601 1781 783 1842 instrumenta
791 1781 893 1862 scripta
900 1783 1132 1846 manuGuillelmi
1139 1782 1211 1866 Qir-

142 1878 191 1941 tini
215 1879 242 1939 in
265 1878 405 1940 sexdecim
429 1877 546 1958 pellibus
577 1878 769 1958 purgameneis
792 1877 871 1938 simul
896 1879 975 1954 sutis,
1000 1893 1116 1961 recepta
1143 1898 1211 1940 manu

145 1975 277 2056 Stephani
295 1974 407 2035 Combri
422 1974 521 2035 notarii
538 1974 615 2053 publ.
629 1973 681 2034 sub
695 1993 768 2035 anno
781 1994 797 2034 a
813 1974 927 2036 Nativit.
943 1975 998 2037 Diri
1011 1982 1209 2050 M⁰CCC⁰IIIII⁰,

143 2070 229 2132 indic.
246 2085 310 2146 unt,
327 2071 371 2131 dic
386 2089 465 2131 xxrnr
483 2070 585 2132 mensis
599 2070 719 2151 augusti,
746 2070 915 2133 continentia
937 2073 1149 2154 recogniciones
1168 2073 1211 2133 ho-

143 2166 309 2246 magiorum,
326 2165 470 2228 feudorum
481 2181 508 2229 et
524 2187 615 2228 rerum
628 2167 933 2248 emphiteotecariarum
940 2169 976 2230 de
984 2171 1061 2232 omni
1070 2170 1209 2252 quehabet,

142 2274 219 2324 tenet
229 2262 304 2324 dom.
318 2261 473 2325 Chabertus
493 2263 529 2324 de
547 2263 717 2339 Morestello,
734 2263 917 2326 condominus
935 2267 1090 2328 Morestelli
1104 2267 1131 2328 in
1141 2273 1211 2348 Gray·

142 2358 288 2435 sivodano,
317 2372 345 2421 et
365 2359 452 2421 abeo
472 2373 600 2421 teneatur
619 2359 647 2420 in
670 2373 729 2421 toto
758 2360 954 2423 mandamento
974 2363 1127 2426 Morestelli
1145 2361 1210 2424 etin

142 2457 337 2520 mandamento
364 2457 488 2519 Terratie
513 2471 541 2519 et
567 2456 641 2518 alubi
663 2457 691 2518 in
713 2470 772 2518 toto
802 2458 1039 2540 Graysivodano:
1061 2481 1117 2542 que
1136 2460 1211 2523 omnia

141 2555 279 2633 pertinent
290 2574 364 2616 nunc
377 2553 490 2616 domino
503 2567 600 2615 nostro
616 2553 758 2634 dalphino,
778 2574 813 2616 en
825 2574 908 2618 causa
917 2560 1135 2636 permutacionis
1153 2560 1211 2621 lacte

139 2649 327 2713 interdictum
342 2651 418 2712 dom.
433 2651 592 2731 dalphinum
607 2663 635 2712 et
658 2651 760 2712 dictum
775 2650 851 2713 dom.
871 2652 1041 2716 Chabertum
1064 2656 1101 2718 de
1115 2655 1212 2738 predic-

140 2745 175 2807 tis
189 2766 240 2827 pro
257 2761 348 2808 castro
362 2747 526 2828 Bellegarde
535 2748 563 2808 in
578 2747 736 2808 Viennesio.

181 2843 250 2922 756.
279 2849 357 2916 Item,
382 2843 465 2923 qued.
501 2835 590 2906 littera
622 2843 650 2904 in
678 2842 809 2923 pendenti
837 2844 964 2926 sigillata,
991 2847 1044 2909 sub
1073 2869 1146 2912 anno
1168 2845 1211 2910 uni

142 2946 387 3014 IlI⁰CC⁰XXIIIII⁰,
404 2960 431 2999 vr
443 2940 555 3001 kalend.
573 2940 893 3014 decembris,continens
904 2942 1110 3023 obligacionem
1125 2945 1210 3008 iactam

140 3037 217 3097 dom⁰
235 3035 365 3116 dalphine
388 3035 423 3097 de
445 3037 505 3116 jure
530 3036 604 3118 quod
631 3035 714 3097 habet
737 3043 873 3118 Aymarus
890 3037 925 3099 de
951 3043 1133 3105 Cassenaticu
1149 3040 1210 3122 apud

138 3131 303 3193 Avalonem.

178 3247 247 3309 757.
282 3235 361 3304 Item,
391 3229 474 3309 qued.
502 3228 597 3291 lietera
616 3247 671 3289 uno
696 3229 785 3310 sigillo
810 3230 839 3290 in
868 3230 1001 3310 pendenti
1020 3234 1147 3315 sigillata,
1168 3231 1210 3295 sub

138 3344 211 3386 anno
227 3327 279 3387 Diri
293 3333 517 3402 II⁰CC⁰XLVII⁰,
538 3337 591 3388 1111⁰
607 3326 721 3389 kalend.
747 3325 913 3402 decembris,
944 3331 1122 3395 continentes
1147 3329 1209 3413 quod

137 3419 213 3482 dom.
231 3423 321 3504 Guigo
336 3423 482 3503 dalphinus
493 3423 570 3484 dedit
584 3422 723 3484 Wsslelmo
749 3422 784 3483 de
804 3429 936 3485 Ravenna
963 3425 1079 3489 domum
1097 3448 1170 3491 suam
1182 3426 1210 3487 de

139 3523 233 3580 Monte
247 3519 364 3580 Bonodo
379 3533 406 3580 et
420 3519 598 3581 chaallaniam
607 3518 730 3600 ejusdem
745 3519 827 3580 castri
838 3532 866 3581 et
880 3520 953 3582 mille
966 3523 1074 3586 solidos
1086 3520 1208 3589 viennen.

138 3615 282 3677 censuales
300 3629 322 3678 ².

180 3711 248 3789 758.
265 3718 344 3786 Item,
362 3713 446 3793 qued.
460 3713 553 3775 lictere
567 3712 676 3775 duobus
687 3715 781 3795 sigillis
790 3715 818 3776 in
835 3716 968 3796 pendenti
978 3718 1111 3800 sigillare,
1121 3719 1208 3799 scripte

137 3806 191 3867 sub
208 3807 352 3869 annolini
371 3815 574 3886 II⁰CC⁰XXIII,
592 3810 675 3872 indic.
694 3822 760 3887 inu,
773 3821 826 3872 ιιιιο
835 3812 948 3876 kalend.
960 3813 1029 3892 julii,
1046 3818 1206 3880 continentes

175 4034 455 4116 1.Enm.llcquisicio
476 4037 614 4092 castellanis
632 4039 766 4095 Morestelli
785 4038 807 4094 in
829 4039 1003 4113 Graysivod...
1026 4075 1061 4086 -
1084 4063 1109 4102 2.
1131 4046 1166 4100 En
1178 4061 1206 4096 m.

135 4103 288 4176 Lolquatur)
303 4123 445 4162 comissario
460 4107 621 4180 recognition.
633 4109 726 4164 Montis
741 4110 849 4166 Bonodi.
