2716 4784
594 415 752 469 -,2-

137 529 213 609 gio¹,
238 529 361 591 vendidit
383 527 460 590 dom⁰
484 528 603 609 Guigoni
632 527 764 607 dalphino
791 524 924 607 quidquid
952 525 1019 604 juris
1047 525 1162 591 habebat
1179 525 1199 585 in

135 639 228 687 castro
244 626 279 687 de
296 625 396 708 Vinay‚
412 625 464 687 sub
481 644 555 687 anno
573 624 626 687 Diri
645 630 838 686 M⁰lchLlXt

183 741 246 800 ¹45·
268 729 347 796 ltem,
363 720 447 800 qued.
463 721 553 783 littera
569 720 680 782 duobus
696 720 791 800 sigillis
813 720 976 801 inpendenti
991 720 1121 800 sigillata,
1143 738 1200 780 con·

135 818 227 881 tinens
241 818 458 899 recognitionem
476 819 576 881 iactam
594 817 672 880 dom⁰
691 818 810 897 Guigoni
835 816 966 898 dalphino
992 816 1141 879 Viennensi
1161 834 1200 896 per

136 916 278 978 Albertum
296 929 323 977 et
339 915 515 976 lambertum
529 915 564 977 de
579 915 694 976 Cabiolo
709 914 745 975 de
764 914 838 976 dicto
855 928 947 976 castro
973 928 1001 976 et
1017 913 1081 990 ejus
1100 911 1201 975 manda·

137 1026 242 1090 mento,
257 1013 309 1075 sub
326 1033 399 1075 anno
417 1013 470 1076 Diri
489 1020 695 1075 M⁰lchLV11⁰.

182 1111 245 1189 146.
267 1119 333 1172 ltem
348 1124 390 1173 est
403 1111 487 1192 qued.
506 1111 595 1172 littera
613 1122 723 1190 reperta
736 1109 824 1171 tribus
845 1109 940 1190 sigillis
958 1108 1125 1170 auctenticis
1137 1105 1201 1187 sigil-

137 1208 191 1269 lata
206 1222 233 1270 et
254 1207 455 1288 subscriptione
476 1208 586 1270 testium
608 1207 787 1288 plurimorum
811 1206 942 1268 roborata
968 1206 1005 1267 de
1026 1205 1127 1285 prima,
1141 1205 1160 1266 si
1172 1205 1201 1265 ita

137 1303 191 1364 dici
205 1303 289 1364 debet
310 1303 429 1381 dejure,
447 1304 634 1366 infeudatione
655 1304 737 1365 castri
760 1303 865 1384 Ruppis
886 1303 977 1364 Fortis
997 1321 1063 1365 cum
1083 1300 1202 1382 superiori

138 1415 166 1463 et
181 1401 302 1463 inferiori
326 1401 466 1463 fortaliciis
487 1414 515 1463 et
537 1401 596 1480 eius
610 1400 812 1476 mandamenti,
834 1401 906 1463 iacta
932 1418 983 1480 per
1011 1399 1153 1462 Albertum
1170 1397 1201 1477 (l)

139 1499 251 1561 Pilosii²
277 1512 304 1560 et
322 1505 435 1560 Petrum
453 1499 512 1578 ejus
527 1498 613 1559 hlium
639 1506 760 1580 hymaro
781 1498 816 1560 de
841 1498 977 1573 Pictavia,
1003 1497 1057 1559 sub
1072 1516 1144 1559 anno
1160 1494 1203 1556 Diri

139 1603 293 1671 M⁰11⁶L11⁰,
310 1596 355 1657 die
372 1597 481 1657 veneris
495 1615 549 1676 qua
573 1609 699 1658 cantatur
720 1595 847 1671 tabitam
870 1595 948 1673 cujus
962 1594 1056 1657 littere
1079 1593 1162 1656 verba
1181 1592 1202 1652 in

137 1694 178 1755 sui
192 1693 326 1774 principio
343 1706 406 1754 sunt
420 1693 484 1754 talia
502 1714 508 1752 :

175 1829 185 1858 u
203 1808 297 1861 Notum
312 1805 344 1861 sit
358 1806 470 1862 omnibus
485 1806 637 1878 presentibus
652 1817 677 1862 et
690 1806 779 1861 luturis
793 1806 860 1878 quod
874 1822 921 1877 ego
931 1806 1088 1860 Humbertus
1101 1801 1201 1871 Pilosi',

137 1894 250 1951 dominus
265 1893 361 1968 Ruppis
376 1895 492 1965 Fortis,a
508 1904 532 1948 te
547 1894 679 1949 Ademario
693 1894 724 1949 de
738 1892 863 1965 Pictavia,
875 1891 964 1948 comite
979 1890 1157 1963 Valentinensi,
1166 1905 1202 1963 pro

136 2002 167 2039 eo
181 1994 209 2039 ut
223 1993 330 2039 castrum
346 1982 443 2056 Ruppis
458 1982 542 2038 Fortis
565 2001 620 2038 cum
635 1981 726 2054 juribus
748 1993 773 2038 et
788 1980 939 2056 pertinentiis
953 1980 1004 2036 suis
1019 1990 1173 2036 manuteneas
1184 1985 1203 2032 et

137 2071 275 2128 deffendeas
289 2073 319 2126 de
333 2071 426 2145 placito
439 2082 464 2127 et
478 2074 508 2127 de
528 2090 617 2145 guerra
631 2071 680 2127 tuis
704 2071 810 2145 propriis
834 2070 945 2144 expensis
969 2081 995 2125 et
1017 2069 1146 2125 emendis⁸
1167 2083 1203 2141 que

138 2156 253 2213 habueris
267 2176 313 2231 pro
328 2159 395 2214 dicto
410 2170 493 2215 castro
506 2170 531 2215 et
547 2159 698 2234 pertinentiis
717 2159 777 2230 suis,
793 2161 832 2214 de
857 2176 945 2232 guerra
969 2157 1026 2213 dico
1052 2167 1140 2214 contra
1159 2174 1202 2211 eun

138 2244 179 2318 qui
194 2245 269 2301 nollet
284 2246 315 2301 ab
329 2264 359 2302 eo
373 2265 456 2305 coram
472 2259 496 2304 te
510 2246 546 2321 jus
561 2249 678 2321 recipere,
693 2258 718 2303 et
733 2266 779 2322 pro
793 2266 822 2303 eo
836 2248 903 2321 quod
918 2247 1031 2303 eumdem
1047 2245 1124 2302 lilium
1139 2262 1203 2301 meum

138 2334 168 2389 ad
181 2336 315 2414 petendum
328 2345 353 2390 et
368 2338 560 2410 recuperandum
575 2335 612 2410 jus
630 2337 696 2411 quod
718 2334 827 2391 hlissia⁸
851 2353 913 2390 uxor
932 2334 991 2390 dicti
1018 2333 1091 2390 Petri
1113 2333 1204 2389 debebat

138 2422 227 2478 habere
240 2422 263 2477 in
279 2433 362 2478 castro
377 2424 407 2479 de
420 2424 540 2495 Chabuel,
556 2425 604 2480 tuis
619 2423 725 2497 propriis
746 2422 857 2496 expensis
876 2423 1026 2478 advocatum
1052 2419 1097 2477 sibi
1116 2421 1203 2489 habeas,

137 2508 203 2582 juves
226 2520 251 2565 et
274 2511 304 2566 de
326 2528 429 2583 guerra,
449 2511 469 2565 si
484 2520 615 2584 preceptor
628 2510 688 2566 dicti
703 2509 794 2576 (Petri)
808 2510 875 2582 quod
890 2500 957 2565 dicta
973 2509 1027 2564 Alis
1042 2511 1118 2566 debet
1129 2511 1205 2566 naboe

138 2596 161 2650 in
185 2597 253 2653 dicto
281 2609 364 2654 castro
390 2597 464 2653 nollet
485 2601 564 2652 lacere
586 2598 662 2653 eidem
689 2598 729 2653 ubi
757 2599 854 2653 deceret
879 2596 974 2670 justicie
999 2599 1203 2672 complementum,

137 2688 248 2742 eumdem
264 2687 337 2743 filium
353 2706 431 2742 meum
446 2687 555 2742 similiter
570 2686 635 2758 juves
650 2687 698 2742 tuis
712 2687 824 2761 expensis
839 2685 946 2760 propriis
959 2695 985 2742 et
1003 2687 1124 2760 emendis,
1138 2688 1204 2743 donec

138 2776 231 2830 dictum
246 2775 282 2847 ius
296 2775 488 2848 recuperaverit,
504 2775 538 2830 ita
553 2775 619 2847 quod
634 2792 707 2848 super
722 2775 839 2848 predictis
853 2777 885 2830 ad
899 2776 974 2842 hetti)
989 2777 1071 2849 partis
1084 2788 1144 2833 tunc
1157 2786 1203 2831 teu·

138 2863 206 2937 poris
220 2864 312 2918 nullum
327 2873 421 2937 prestes
436 2863 550 2919 auxilium
562 2881 604 2918 seu
619 2862 738 2934 juvamen.
751 2862 856 2936 Accipio
870 2862 892 2917 in
903 2861 1001 2917 feudum
1012 2862 1093 2936 ipsum
1109 2873 1203 2920 castrum

139 2952 237 3024 Ruppis
251 2950 334 3006 Fortis
349 2968 403 3006 cum
418 2952 514 3007 duobus
535 2949 662 3007 fortaliciis
680 2950 730 3005 suis
744 2948 865 3023 superiori
881 2960 906 3005 et
929 2948 1037 3006 inferiori
1052 2962 1146 3007 etcum
1159 2957 1203 3006 toto

139 3038 311 3093 mandamento
326 3037 434 3111 ipsorum
449 3048 473 3093 et
488 3035 657 3112 appendentiis
667 3047 692 3092 et
706 3036 818 3093 omnibus
832 3036 924 3108 iuribus
938 3046 963 3091 et
982 3036 1135 3110 pertinentiis
1154 3037 1202 3107 suis,

137 3125 227 3180 iaciens
241 3126 285 3181 tibi
299 3126 438 3199 homagium
454 3145 500 3200 pro
515 3126 584 3181 dicto
599 3135 693 3196 castro,
709 3126 777 3180 salvo
792 3124 907 3198 homagio
922 3125 1044 3198 Guigonis
1058 3125 1202 3200 dalphini;et

138 3213 195 3268 volo
209 3224 234 3269 et
248 3213 357 3287 pre'cipio
381 3225 408 3269 ut
423 3216 491 3269 heres
511 3232 552 3269 seu
574 3230 701 3268 successor
725 3231 801 3285 meus,
831 3211 925 3268 scilicet
948 3214 1042 3268 Petrus
1064 3213 1165 3270 Pilosii¹
1183 3219 1202 3265 et

137 3319 264 3356 successor
279 3300 354 3375 ipsius
368 3301 391 3355 in
406 3301 473 3357 dicto
488 3312 571 3357 castro
584 3318 637 3356 curn
654 3300 807 3373 pertinentiis
821 3298 881 3372 suis,
897 3299 920 3354 in
936 3299 1073 3356 mutatione
1087 3298 1172 3357 domini
1183 3306 1202 3352 et

138 3389 235 3443 vassalli
249 3387 294 3447 tibi
308 3398 333 3443 et
347 3389 530 3445 successoribus¹
544 3388 591 3444 tuis
606 3388 717 3462 predicta
733 3389 942 3460 recognoscendo,
954 3406 1001 3461 pro
1011 3386 1081 3443 dicto
1096 3394 1202 3444 castroet

137 3474 289 3549 pertinentiis
311 3476 361 3532 suis
381 3476 522 3533 fidelitatem
543 3488 567 3531 et
593 3476 733 3549 homagium
756 3478 835 3532 facere
858 3486 981 3548 teneatur,
1009 3477 1079 3531 salvo
1103 3471 1202 3546 homagio

137 3561 256 3635 Guigonis
270 3563 389 3636 delphini,
409 3586 419 3617 x

139 3679 166 3726 et
180 3666 313 3749 detera),
331 3683 414 3748 prout
427 3669 551 3749 predicta
564 3684 591 3731 et
606 3669 725 3751 quedam
746 3670 798 3731 alia
817 3669 902 3732 lacius
924 3668 1104 3732 continentur
1123 3671 1150 3731 in
1164 3667 1205 3728 lit-

137 3775 197 3823 tera
209 3763 336 3844 superius
349 3765 503 3846 designata.

182 3878 246 3938 147.
263 3867 342 3935 ltem,
359 3862 444 3942 quod.
461 3863 673 3924 instrumentum
694 3865 825 3944 scriptum
840 3882 922 3925 manu
944 3864 1081 3946 hymonis
1097 3864 1134 3925 de
1147 3868 1208 3924 Tor-

137 3956 212 4017 nalol
226 3970 252 4019 et
267 3957 452 4039 subscriptum
469 3980 551 4021 manu
566 3960 689 4039 magistri
704 3961 778 4022 Petri
795 3960 957 4040 Bargarelli,
974 3961 1027 4022 sub
1044 3981 1120 4024 anno
1136 3958 1210 4022 Dirice

178 4141 199 4178 1.
217 4125 251 4176 Aa
265 4122 342 4178 lorio.
360 4155 392 4163 —
409 4141 432 4178 2.
448 4127 482 4178 Aa
497 4125 583 4181 Pilosi.
599 4156 632 4165 -
650 4143 673 4196 3.
690 4128 723 4178 Aa
737 4145 821 4182 esni...
838 4158 871 4167 -
886 4147 912 4199 4.
928 4129 962 4180 Aa
977 4126 1068 4185 Alisia.
