2716 4784
599 435 755 493 -,7‚

135 547 271 608 favorem·
287 547 360 608 dom¹
385 547 520 628 Guigonis
545 548 667 627 dalphini
692 562 720 610 et
734 549 874 610 bominum
904 568 1015 610 suorum
1046 549 1212 629 vapincesii,

135 645 240 724 scripte
254 643 306 706 sub
319 664 393 706 anno
403 645 481 706 Dom¹
499 651 634 720 M⁰CCC⁰,
646 645 691 706 dle
707 663 785 707 xuma
801 646 903 708 mensis
919 646 1023 726 aprilis,
1040 645 1215 708 continentes

137 742 214 823 quod
224 742 315 804 nullus
328 743 364 804 de
377 742 509 804 comitatu
522 742 677 823 vapincesii
694 763 745 823 pro
763 744 858 805 debito
871 743 961 805 alieno
973 744 1146 820 molestetur,
1162 743 1214 806 nisi

137 839 211 900 foret
221 839 409 920 principaliter
421 839 467 901 vel
481 839 638 901 accessorie
648 838 796 920 obligatus.

180 952 220 1012 74
235 942 313 1010 item,
332 936 418 1016 quod.
430 936 641 1027 instrumentum
661 936 792 1017 scriptum
806 949 835 998 et
849 936 985 1017 signatum
1003 956 1086 998 manu
1108 936 1215 997 Tbome

138 1033 175 1094 de
193 1033 337 1094 Romanali
349 1033 461 1109 notarii,
485 1032 537 1095 sub
554 1052 627 1094 anno
643 1040 780 1094 incarnat.
806 1041 901 1095 [lomce
917 1036 1168 1108 M⁰cc⁰1111¹¹1x⁰‚
1185 1041 1216 1094 v⁰
1315 1030 1326 1052 ''

137 1129 203 1190 idus
215 1129 381 1205 decembris,
400 1130 544 1192 continens
558 1129 735 1191 donationem
752 1130 852 1192 factam
869 1150 920 1211 per
940 1131 1016 1192 dom.
1033 1140 1139 1192 Annam
1154 1130 1217 1191 dal-

138 1227 339 1306 phinamdom⁰
351 1227 468 1288 iohanni
483 1227 613 1307 dalphino
630 1227 666 1288 de
679 1240 740 1289 toto
757 1227 935 1307 Dalphinatu.
951 1248 953 1253 ’
1240 1226 1242 1235 ⁴

179 1343 229 1404 75.
244 1331 323 1400 ltem,
339 1324 425 1404 quod.
441 1324 580 1404 publicum
594 1325 805 1387 instrumentum
818 1326 949 1404 scriptum
963 1344 1045 1385 manu
1060 1323 1165 1384 Alberti
1177 1323 1214 1386 de

141 1418 253 1500 Brayda
282 1420 392 1496 notarii,
426 1421 477 1482 sub
508 1440 581 1482 anno
612 1423 690 1483 [lomi
731 1428 945 1498 nr⁰cc⁰xc⁰1t⁰‚
978 1422 1074 1484 indict.
1104 1440 1145 1496 ψ,
1171 1421 1216 1482 die

138 1535 203 1576 xrw
220 1518 322 1580 mensis
336 1519 414 1598 junii,
437 1519 583 1580 continens
604 1520 780 1581 donationem
811 1520 912 1581 iactam
934 1539 984 1600 per
1010 1520 1085 1581 dom.
1109 1528 1216 1579 Annam

139 1614 299 1694 dalphinam
313 1616 391 1676 dom⁰
406 1616 523 1677 iohanni
542 1616 669 1696 Delphini
681 1615 716 1678 de
726 1629 786 1678 toto
799 1617 975 1697 Dalpbinatu.

181 1712 232 1788 76.
247 1719 326 1787 ltem,
337 1712 443 1792 quodd.
456 1712 575 1774 vidimus
585 1732 670 1792 super
679 1713 820 1793 premissis
829 1713 1042 1775 iactum-eodem
1053 1733 1126 1775 anno
1136 1727 1164 1775 et
1173 1713 1218 1774 die

139 1827 225 1869 manu
245 1809 391 1871 Humberti
408 1810 539 1892 Ayselini,
558 1824 585 1871 et
601 1822 642 1871 est
655 1810 801 1890 sigillatum
816 1811 844 1871 in
858 1811 990 1890 pendenti
1003 1829 1058 1871 uno
1073 1811 1173 1889 sigillo.

183 1927 233 1985 77.
252 1913 334 1981 ltem,
349 1907 435 1987 quod.
459 1908 671 1969 instrumentum
697 1907 725 1968 in
752 1907 882 1986 pendenti
902 1907 1061 1987 sigillatum,
1086 1908 1217 1988 scriptum

140 2024 227 2066 manu
241 2002 345 2065 lobetti
366 2004 498 2080 Anselini,
519 2004 664 2066 continens
683 2004 883 2066 conventiones
910 2004 1017 2076 habitas
1046 2005 1118 2067 inter
1140 2006 1216 2067 dom.

142 2104 244 2164 ducem
263 2102 423 2182 Burgundie
438 2116 466 2164 et
480 2102 556 2163 dom.
589 2111 696 2163 Annam
723 2101 893 2181 dalphinum,
921 2116 949 2163 et
975 2102 1045 2183 e(st)
1077 2101 1218 2163 sciendum

142 2201 219 2282 quod
237 2202 326 2281 ipsum
339 2201 549 2261 instrumentum
568 2213 611 2261 est
624 2200 744 2261 vidimus
758 2199 888 2279 scriptum
915 2218 988 2262 anno
1014 2201 1067 2262 Diri
1096 2206 1220 2262 M⁰CCC⁰

142 2306 260 2374 XLlll⁰‚
277 2299 322 2360 die
340 2298 490 2379 penultima
507 2298 609 2358 mensis
624 2297 727 2378 aprilis.

183 2397 232 2474 78.
252 2404 331 2472 Item,
347 2395 432 2476 quod.
451 2395 570 2456 vidimus
587 2408 614 2455 et
635 2394 719 2475 qued.
734 2393 812 2454 litera
823 2393 925 2473 scripta
939 2392 991 2453 sub
1007 2412 1080 2454 anno
1097 2393 1154 2474 (et)
1175 2393 1220 2456 die

140 2492 244 2573 quibus
260 2511 354 2572 supra,
373 2491 648 2553 continens⁴vidimus
660 2491 803 2570 cuiusdam
821 2490 899 2551 litere
914 2491 941 2550 in
968 2511 1022 2571 qua
1039 2490 1222 2553 mandabatur

140 2589 285 2652 nobilibus
302 2589 483 2669 Delphinatus
499 2588 573 2669 quod
588 2587 723 2649 baberent
733 2602 821 2675 ratam
834 2586 1011 2649 donationem
1028 2588 1219 2669 Dalphinatus.

161 2695 234 2767 79.
254 2694 332 2762 item,
342 2686 428 2765 quod.
450 2685 523 2746 aliud
540 2685 659 2746 vidimus
674 2685 806 2765 scriptum
830 2703 913 2745 manu
935 2683 1039 2745 loberti
1067 2698 1072 2728 ¹
1102 2685 1222 2767 Ayselini
1327 2710 1328 2713 ¹

141 2784 256 2857 notarii,
272 2782 324 2844 sub
340 2802 413 2843 anno
426 2795 454 2843 et
467 2781 512 2842 die
528 2780 628 2863 quibus
644 2801 727 2862 supra
742 2781 878 2862 proxime,
900 2781 1045 2843 continens
1061 2784 1223 2873 emancipa-

141 2882 249 2968 tionem
264 2881 364 2941 iactam
379 2898 430 2960 per
443 2879 520 2940 dom.
544 2878 727 2941 Humbertum
751 2879 828 2940 dom⁰
852 2880 968 2941 iohanni
993 2880 1140 2959 Delphino.
1157 2875 1165 2909 ³

186 3075 235 3134 80.
257 3081 336 3148 ltem,
352 3072 492 3153 quoddam
510 3066 683 3153 privilegium
696 3092 713 3133 a
728 3072 904 3134 serenissimo
919 3091 986 3153 rege
1004 3072 1127 3135 Roberto
1144 3093 1223 3135 ema-

143 3186 241 3232 natum
256 3169 369 3250 ejusque
385 3189 486 3250 magno
509 3169 599 3250 sigillo
620 3169 648 3230 in
665 3188 729 3231 cera
741 3169 827 3230 rubea
841 3169 998 3249 sigillatum,
1021 3162 1153 3250 scriptum
1171 3171 1223 3232 sub

143 3286 221 3328 anno
237 3265 290 3326 Diri
309 3270 561 3339 M⁰CCC⁰XXXll⁰,
589 3264 634 3326 die
652 3283 681 3325 ιι.
710 3265 880 3340 novembris,
903 3266 1048 3327 continens
1062 3266 1136 3346 quod
1158 3285 1224 3346 pre-

141 3364 221 3425 fatus
235 3362 311 3422 dom.
338 3380 388 3422 rex
405 3361 544 3422 concessit
573 3361 651 3422 dom⁰
679 3360 833 3423 Humbetto
857 3362 988 3442 dalphino
1017 3363 1165 3424 Viennensi
1196 3376 1224 3426 et

117 3459 123 3471 '
142 3458 235 3520 Marie
252 3457 287 3517 de
296 3457 399 3518 Baucio
416 3456 591 3537 conjugibus,
606 3457 754 3538 nepotibus
777 3459 844 3531 suis,
863 3459 938 3539 quod
955 3459 1062 3539 possint
1078 3459 1182 3522 habere
1195 3474 1224 3523 et
1288 3501 1292 3510 ·

138 3574 293 3618 excercere
330 3554 543 3632 juridicionem,
572 3575 678 3616 merum
713 3558 750 3617 et¹
772 3555 885 3617 mixtum
914 3555 1058 3635 imperium
1088 3555 1116 3616 in
1144 3556 1224 3618 terris

138 3670 296 3733 regnorum
310 3669 434 3724 suorum,
450 3651 581 3731 quamdiu
595 3651 671 3731 ipsos
688 3652 747 3712 fore
763 3651 931 3731 contingerit
944 3652 1123 3712 inlrumanis

185 3750 236 3810 8ι.
257 3756 335 3823 ltem,
352 3748 438 3829 quod.
453 3748 655 3828 privilegiuma
670 3746 848 3809 serenissimo
861 3767 928 3828 rege
945 3749 1048 3809 Karolo
1070 3749 1121 3811 Dei
1137 3750 1224 3830 gratia

139 3855 154 3908 J
158 3845 319 3908 ehrusalem
330 3859 359 3907 et
371 3844 465 3906 cicilie
479 3858 635 3906 emanatum
647 3845 761 3924 ejusque
774 3844 865 3923 sigillo
882 3845 908 3904 in
921 3844 1052 3924 pendenti
1067 3865 1130 3907 cera
1140 3846 1224 3908 rubea

140 3943 311 4025 sigillatum,
326 3943 459 4022 scriptum
480 3943 532 4005 sub
556 3963 629 4004 anno
648 3943 701 4003 Diri
722 3948 971 4018 M⁰CC⁰XC⁰Vlll⁰,
988 3944 1032 4004 die
1057 3963 1100 4004 nra
1125 3944 1226 4005 mensis

187 4165 210 4201 1.
231 4143 329 4199 Eusuite
344 4144 440 4199 Yberti.
1133 4208 1136 4213 p

1088 4236 1102 4277 2
