2716 4784
589 402 764 447 —122-

146 513 261 575 Nativit.
281 512 408 589 Obice„
418 514 563 576 continens
575 513 733 594 homagium
743 514 837 594 ligium
850 513 997 594 prestitum
1012 532 1065 594 pet
1079 513 1218 576 Vionetum

145 608 273 670 Monacbi
289 607 324 670 de
336 608 460 671 hvalone
474 623 503 672 et
512 610 698 672 terminum...

180 705 250 778 683.
264 711 343 780 Item,
362 705 446 785 qued.
464 706 558 768 lictere
570 707 642 768 lacte
657 725 752 768 coram
769 705 879 770 officiali
893 707 1162 789 Grationopolitani,
1176 708 1216 770 sub

143 822 216 866 anno
245 802 299 864 Dr'ri
328 808 592 878 m⁰ccc⁰xxxrx⁰,
615 803 700 865 indic.
717 819 781 879 vw,
797 804 912 885 sigillare
938 804 966 865 in
988 803 1128 884 pendenti
1142 804 1215 884 sigillo

143 901 219 964 curie
229 899 391 961 officialatus
402 899 660 980 Grationopolitani,
667 901 841 963 continentes
850 901 936 982 quod.
948 901 1073 963 vidimus
1082 901 1181 963 factum
1189 901 1215 962 de

144 997 232 1079 quod.
248 994 359 1076 publico
373 995 555 1058 instmmento
569 997 643 1059 facto
652 1012 679 1060 et
690 1013 803 1079 recepto
815 1019 898 1060 manu
912 999 988 1061 Petri
1004 999 1116 1062 Viniaci
1132 999 1214 1061 notarii

143 1093 222 1175 publ.
239 1093 290 1155 sub
310 1112 383 1155 anno
409 1094 463 1154 Diri
480 1100 615 1169 M⁰CCC⁰,
631 1094 716 1156 indic.
732 1109 807 1170 runa,
823 1094 868 1156 die
882 1095 993 1156 veneris
1009 1109 1077 1175 post
1090 1096 1187 1157 festum
1195 1095 1214 1156 b'

144 1189 247 1252 blathie
266 1189 415 1270 appostoli,
427 1190 454 1251 in
470 1210 525 1270 quo
535 1191 625 1253 instr¹⁰
635 1191 792 1253 continetur
804 1191 890 1271 quod.
902 1191 980 1252 dom.
997 1192 1215 1254 Hunbertusdal-

142 1287 241 1367 phinus
254 1300 280 1347 et
295 1287 372 1347 dom²
385 1293 474 1359 Anna,
485 1288 544 1365 ejus
551 1307 677 1362 consors,
690 1302 718 1351 et
725 1288 802 1350 dom.
811 1289 951 1350 lohannes
958 1289 1128 1369 Delphinus,
1136 1311 1214 1352 eorum

142 1385 246 1464 primus
261 1382 343 1458 hlius,
366 1385 567 1446 transtulerunt
579 1399 609 1446 ut
617 1399 745 1448 narratur
759 1385 786 1446 in
808 1385 870 1465 ipso
881 1385 1083 1462 instrumento,
1107 1388 1135 1448 in
1149 1389 1210 1451 dom.

143 1481 298 1561 Guigonem
323 1480 465 1541 Alamandi
485 1500 519 1542 ex
542 1501 625 1543 causa
641 1481 863 1562 permutationis,
884 1481 1018 1563 quicquid
1044 1483 1213 1547 habebantin

142 1591 233 1638 castro
257 1577 292 1639 de
310 1578 431 1659 Claysio,
448 1591 478 1638 ut
492 1579 633 1640 asserebat
648 1579 737 1640 dictus
752 1579 828 1640 dom.
848 1579 955 1660 Guigo;
975 1580 1126 1642 continens
1146 1581 1211 1642 etiam

142 1674 217 1755 quod
240 1674 362 1736 decanus
374 1689 402 1736 et
419 1675 567 1755 capitulum
583 1677 699 1738 ecclesie
718 1684 802 1738 Beate
819 1676 906 1738 Marie
921 1676 1133 1758 Grationopolis
1158 1671 1212 1738 r'eti·

141 1785 261 1834 nuemnt
286 1785 313 1833 et
337 1772 517 1834 investierunt
547 1773 665 1835 eundem
690 1773 766 1835 dom.
792 1773 948 1855 Guigonem
970 1774 1007 1836 de
1030 1776 1155 1858 aquisitis
1175 1795 1211 1857 per

141 1869 231 1950 ipsum
247 1869 274 1930 in
285 1869 480 1931 mandamento
495 1869 606 1953 Claysiy
619 1870 654 1930 ab
669 1870 795 1931 Ysoardo
810 1870 846 1931 de
862 1869 984 1952 Claysio.

181 1966 250 2044 684.
275 1972 353 2041 ltem,
378 1966 463 2047 quod.
492 1967 702 2028 instrumentum
724 1966 766 2048 (ut
791 1967 876 2048 618),
896 1967 1045 2029 continens
1067 1969 1210 2051 homagium

142 2061 235 2141 ligium
250 2062 392 2142 prestitum
405 2082 455 2142 per
479 2069 591 2124 Petrum
610 2064 740 2125 Becronis
750 2077 778 2125 et
793 2078 863 2126 cert.
877 2064 1065 2127 terminum...

181 2158 250 2238 685.
277 2165 355 2232 Item,
383 2161 468 2240 quod.
491 2162 568 2242 publ.
596 2162 825 2236 instrumentum,
848 2161 1006 2223 confectum
1027 2181 1112 2222 manu
1135 2160 1209 2222 llunbi

144 2255 223 2316 Pilati
238 2255 272 2317 de
284 2257 401 2318 Buxeria
415 2271 474 2319 not.
491 2259 557 2338 pub.
575 2258 626 2319 sub
643 2278 716 2320 anno
728 2259 843 2320 Nativit.
860 2258 913 2319 Diri
929 2264 1208 2333 M⁰CCC⁰XXXVlll⁰,

141 2352 237 2414 indict.
268 2366 321 2430 vm,
354 2353 398 2415 die
416 2367 464 2414 xx³
477 2355 578 2416 mensis
595 2355 761 2429 decembris,
785 2355 930 2416 continens
951 2354 1113 2435 homagium
1132 2355 1209 2436 ligium

141 2449 285 2529 prestitum
311 2469 361 2529 per
379 2451 500 2512 nobilem
524 2437 701 2532 Hugoninum
731 2450 885 2525 Alamandi
901 2450 985 2511 hlium
1010 2451 1132 2512 condam
1151 2449 1209 2512 dom¹

145 2546 281 2608 Guillelmi
296 2548 437 2608 Alamandi
455 2548 556 2623 militis,
569 2547 671 2608 domini
686 2547 769 2608 Vallis
780 2547 889 2608 Bonesu
899 2546 1032 2622 condam
1045 2548 1125 2609 dom⁰
1136 2556 1210 2609 llum·

144 2643 224 2706 berto
239 2643 369 2723 dalphino
385 2644 532 2706 Viennensi
548 2658 575 2706 et
585 2644 807 2723 recognicionem
825 2663 875 2724 per
888 2643 977 2723 ipsum
996 2651 1112 2723 Hugon.
1125 2645 1209 2706 factum

144 2740 179 2800 de
191 2753 283 2801 castro
293 2740 377 2801 Vallis
388 2741 510 2814 Bonesii,
527 2743 561 2802 de
575 2741 651 2813 Piru,
664 2740 699 2800 de
710 2740 820 2822 Claysro
828 2752 855 2800 et
868 2739 902 2799 de
916 2738 1043 2819 pluribus
1053 2740 1114 2801 aliis
1123 2720 1215 2815 feudis,

142 2836 226 2899 modo
242 2849 270 2896 et
283 2836 371 2897 forma
385 2837 484 2916 quibus
498 2838 564 2899 alias
586 2850 811 2918 recognoverunt
833 2836 906 2896 dom¹
922 2836 1013 2915 Guigo
1037 2837 1177 2898 Alamandi
1190 2848 1211 2897 et

143 2929 303 2991 Guillelmus
321 2932 408 2993 Alam.
427 2936 485 3012 ejus
499 2934 580 3010 lilius,
593 2934 696 2995 domini
707 2933 791 2999 Vallis
803 2932 913 2994 Bonesii
924 2933 1056 3008 condam,
1069 2954 1117 3014 qur
1110 2932 1210 2996 'modus

142 3040 170 3088 et
185 3027 274 3090 forma
288 3029 463 3092 continentur
478 3046 505 3093 et
522 3032 716 3094 describuntur
726 3031 753 3090 in
765 3030 885 3110 presenti
900 3030 1125 3094 instrumento...

182 3124 251 3185 686.
269 3133 348 3203 ltem,
367 3129 452 3209 quod.
472 3129 548 3209 publ.
566 3130 777 3190 instrumentum
792 3129 923 3208 scriptum
936 3142 964 3190 et
976 3129 1117 3210 signatum
1143 3148 1211 3192 manu

144 3221 235 3285 Hunbi
256 3224 337 3286 Pilati
351 3239 410 3287 not.
430 3227 497 3307 pub.
519 3226 570 3288 sub
590 3245 663 3289 anno
683 3226 736 3286 Diri
763 3232 1041 3301 m⁰ccc⁰xxxvr1⁰,
1067 3227 1153 3290 indic.
1175 3240 1210 3302 ν’,

142 3321 187 3398 die
201 3335 264 3383 vr11³
277 3323 379 3384 mensis
394 3322 563 3400 novembris,
580 3323 724 3384 continens
747 3321 925 3383 donationem
940 3321 1042 3384 iactam
1071 3344 1123 3404 per
1148 3325 1210 3385 dom.

144 3419 356 3501 lliumbertum)
367 3419 525 3500 dalphinum
541 3427 682 3482 Dronrteto
698 3421 733 3481 de
748 3420 881 3495 Vallibus,
895 3419 922 3479 in
937 3418 1211 3502 recompensationem

141 3516 241 3594 jurium
256 3537 309 3599 que
332 3517 452 3578 habebat
464 3517 493 3578 in
508 3531 598 3578 castro
617 3517 761 3579 Bellivisus
781 3518 815 3578 de
834 3525 940 3592 Marco,
959 3517 994 3579 de
1010 3533 1106 3581 castro
1124 3527 1212 3582 Terra·

142 3613 192 3692 tie;
209 3614 327 3696 proquo
343 3629 433 3676 castro
449 3615 523 3675 idem
537 3622 677 3676 Dronetus
692 3615 757 3677 fecit
769 3615 926 3695 homagium
941 3614 1037 3695 ligium
1051 3616 1129 3679 dicto
1145 3618 1208 3680 dom.

143 3712 273 3792 dalphino
288 3727 316 3778 ct
328 3713 395 3774 dict
411 3726 531 3775 castrum
542 3714 576 3775 de
591 3713 715 3775 Terratia
738 3712 901 3792 recognovit
915 3732 945 3773 se
958 3726 1058 3776 tenere
1070 3714 1101 3776 in
1115 3714 1210 3777 feudum

144 3809 278 3871 reddibile
295 3831 311 3871 a
327 3810 401 3872 dicto
417 3810 492 3873 dom.
509 3811 650 3892 dalphino.

184 3905 252 3984 687.
276 3915 354 3985 ltem,
369 3910 454 3990 quod.
474 3909 551 3990 publ.
571 3909 781 3970 instrumentum
802 3908 843 3987 (ut
856 3907 940 3988 618),
955 3907 1105 3971 continens
1129 3860 1209 3971 homa·

145 4005 219 4085 gium
232 4005 278 4086 ligi
280 4026 325 4067 um
336 4005 479 4087 prestitum
489 4024 539 4086 per
552 4004 725 4066 Guillelmum
743 4003 876 4076 Arthaudi
889 4002 967 4064 dom⁰
976 4003 1112 4086 dalphino
1127 4018 1153 4069 et
1164 4018 1210 4067 ter·

145 4122 285 4165 minum...
