2716 4784
588 433 765 495 -.29-

168 562 239 622 733.
260 546 442 627 ltem,·qued.
459 547 548 609 littera
560 548 678 629 sigillata
691 549 863 629 impendenti
886 515 967 612 unico
979 550 1079 631 sigillo,
1111 551 1212 630 scripta

127 641 187 703 sub·
197 662 271 704 anno
282 643 336 705 Diri
363 650 453 705 M⁰CC
468 651 583 720 Lxllll,
599 645 684 708 indic.
711 660 827 723 octava,
839 646 884 709 die
893 647 1004 709 veneris
1020 660 1084 728 post
1099 646 1213 709 octabas

128 739 342 815 penthecostes,
368 741 513 803 continens
527 741 601 823 quod
616 742 780 804 Franciscus
801 743 836 804 de
860 743 982 805 Parisius
997 743 1139 805 confessus
1163 742 1214 803 fuit

126 855 158 899 se
169 853 266 899 tenere
278 850 306 899 et
319 857 349 900 se
362 852 390 900 et
404 859 469 901 suos
484 838 697 919 predecessores
709 840 857 902 tenuissea
872 841 951 912 dom⁰
962 840 1093 921 dalphino
1106 853 1135 901 et
1157 839 1214 901 suis

126 934 375 1015 predecessoribus
395 951 527 1012 castrum,
541 937 766 999 mandamentum
780 951 807 1000 ct
816 936 984 1000 territorium
1000 937 1036 1000 de
1049 928 1171 999 Parisius
1185 949 1213 998 et

126 1029 164 1093 de
178 1030 264 1092 leudo
284 1031 410 1094 reddibili
425 1034 491 1096 dicti
507 1035 583 1096 dom.
603 1034 735 1115 dalphini.

168 1140 238 1206 734.
258 1137 336 1205 ltem,
353 1131 439 1212 quod.
455 1131 532 1212 publ.
551 1133 762 1194 instrumentum
777 1131 910 1212 scriptum
927 1145 954 1192 et
967 1132 1104 1212 signatum
1129 1151 1212 1193 manu

129 1227 259 1306 Hugonis
273 1228 423 1290 Chabuellii
435 1229 534 1290 notarii
548 1229 625 1309 publ.
643 1228 694 1290 sub
714 1248 786 1290 anno
807 1228 860 1291 Diti
874 1234 963 1289 M⁰CC
978 1235 1026 1290 XC
1044 1236 1106 1305 Vl⁰‚
1123 1228 1208 1289 indic.

127 1341 157 1398 x,
173 1324 233 1384 scil.
249 1344 299 1385 vru
327 1325 399 1406 ydus
418 1325 589 1402 novembris,
615 1327 759 1388 continens
778 1324 853 1405 quod
871 1326 1004 1388 Jullianus
1023 1325 1128 1402 Grassi,
1144 1324 1212 1386 civis

127 1420 347 1501 Grationupolis‚
373 1421 499 1483 vendidit
519 1423 612 1503 plures
633 1441 732 1484 census
757 1421 843 1496 bladi,
864 1422 920 1483 vini
944 1435 972 1484 et
990 1422 1166 1483 denariorum
1183 1422 1212 1482 in

128 1536 228 1578 manso
255 1518 289 1580 de
312 1517 440 1600 Cleymes
454 1519 531 1580 dome
551 1519 680 1600 dalphine
700 1519 822 1600 antique,
845 1519 956 1580 domine
978 1519 1147 1600 Fucigniaci,
1161 1537 1212 1598 pro

126 1614 219 1696 pretio
240 1634 278 1676 xx
303 1615 435 1678 librarum
460 1617 609 1693 viennen,
639 1630 722 1698 prout
734 1617 858 1698 predicta
881 1617 909 1677 in
924 1617 985 1698 ipso
1001 1618 1090 1680 instr¹⁰
1104 1618 1212 1699 plenius

128 1713 309 1775 continentur
324 1727 344 1776 ¹.

170 1830 205 1888 73
216 1831 240 1892 5.
261 1818 340 1889 Item,
356 1812 441 1892 quod.
457 1812 534 1892 publ.
551 1813 761 1874 instrumentum
784 1811 915 1892 scriptum
931 1824 959 1874 et
977 1811 1114 1891 signatum
1128 1832 1211 1874 manu

128 1907 214 1987 Guig.
232 1908 321 1968 Conni
339 1908 439 1969 notarii
456 1909 532 1989 publ.
550 1909 601 1970 sub
615 1929 687 1970 anno
706 1909 758 1970 Diri
773 1916 951 1986 M0CCC0X0,
970 1910 1054 1971 indic.
1071 1923 1143 1985 vum,
1167 1908 1212 1972 die

127 2005 219 2066 sabati
226 2019 291 2066 ante
301 2005 400 2067 festum
408 2007 434 2067 b¹
446 2006 597 2081 Michaelis,
611 2007 754 2068 continens
767 2007 931 2069 solutionem
943 2009 996 2067 lllc
1008 2026 1043 2068 ux
1053 2025 1102 2068 viu
1115 2006 1209 2068 librar.

127 2121 198 2162 xvin
213 2101 296 2163 solid.
316 2117 427 2165 monete
450 2103 615 2183 Lugdunen.
638 2103 737 2164 lactam
754 2122 804 2182 per
833 2110 945 2165 Petrum
976 2102 1069 2178 Fabri,
1099 2102 1211 2164 nomine
1273 2099 1276 2105 ’

128 2198 204 2259 domi
221 2200 355 2261 lobannis
371 2200 505 2281 dalphini,
533 2200 612 2261 dom⁰
634 2201 778 2262 Hunberto
797 2200 832 2261 de
854 2200 1031 2262 Matafelluno
1054 2199 1209 2280 capellano,

127 2298 306 2376 procuratori
321 2298 393 2359 domi
416 2298 551 2360 Hunberti
564 2298 599 2359 de
614 2298 732 2374 Vilariis,
744 2317 796 2379 pro
811 2298 897 2378 quod.
907 2298 1001 2359 debito
1015 2299 1044 2360 in
1058 2317 1114 2378 quo
1128 2312 1211 2360 tene-

128 2393 213 2456 batur
226 2394 301 2456 idem
316 2394 392 2456 dom.
407 2394 553 2475 dalphinus
566 2396 640 2456 dicto
653 2394 766 2456 domino
778 2394 812 2456 de
826 2395 944 2457 Vilariis.

169 2492 241 2572 736.
261 2500 339 2569 item,
356 2493 441 2574 quod.
458 2493 535 2574 publ.
557 2494 768 2555 instrumentum
783 2493 915 2573 scriptum
940 2512 1022 2555 manu
1040 2493 1123 2573 Guig.
1144 2499 1212 2555 Fru-

128 2591 217 2654 menti
231 2604 291 2651 not.
310 2590 377 2670 pub.
397 2590 448 2651 sub
458 2611 531 2652 anno
548 2591 601 2653 Diri
614 2596 852 2664 M⁰CC⁰XCVlll⁰,
875 2589 959 2652 indic.
974 2609 1015 2665 xi,
1029 2590 1091 2651 idus
1104 2589 1209 2670 aprilis,

127 2689 277 2751 continens
291 2687 494 2749 attestationem
510 2687 626 2748 soffredi
638 2686 673 2748 de
684 2686 820 2748 Herbesio
831 2686 876 2766 qui
885 2686 1060 2748 restishcatus
1073 2686 1124 2749 luit
1136 2687 1210 2768 quod

127 2787 220 2849 insule
234 2785 270 2846 de
284 2784 377 2846 Visilia
387 2799 450 2846 sunt
463 2784 540 2845 dom⁰
555 2784 684 2863 dalphine
699 2795 721 2844 ².

170 2902 241 2962 737.
259 2889 338 2957 Item,
367 2881 453 2963 quod.
482 2880 693 2942 instrumentum
711 2879 753 2961 (ut
776 2879 860 2962 704),
884 2880 1028 2941 continens
1053 2881 1210 2962 homagium

129 2978 279 3042 Bertrandi
291 2976 389 3039 Raude
409 2977 512 3039 factum
526 2976 606 3038 domo
618 2975 802 3057 ll(umberto)
817 2988 845 3037 et
866 2976 997 3063 assignat.
1023 2991 1131 3040 term...

155 3075 242 3153 738.
256 3081 334 3150 ltem,
352 3073 435 3154 qued.
454 3073 548 3135 lictere
565 3091 621 3133 uno
632 3071 721 3152 sigillo
739 3071 855 3152 sigillare
871 3072 899 3134 in
909 3074 1051 3152 pendenti,
1070 3074 1121 3136 sub
1136 3095 1210 3137 anno

132 3173 223 3234 Dhice
239 3179 357 3237 incarn.¹
368 3175 540 3246 M⁰CC⁰L.V,
557 3168 641 3230 indic.
657 3182 742 3245 xiuu,
758 3169 847 3231 vidus
860 3171 964 3249 aprilis,
977 3172 1121 3234 continens
1131 3172 1208 3253 quod

131 3270 210 3330 dom.
229 3267 409 3349 Raymundus
426 3266 572 3328 Bertrandi
589 3266 667 3328 miles
680 3279 708 3328 et
723 3266 785 3327 Odo
801 3279 828 3328 et
845 3272 945 3328 Petrus
955 3266 1001 3329 filii
1019 3268 1060 3329 sui
1073 3268 1212 3330 vendide-

130 3378 196 3427 runt
214 3371 298 3426 Petro
314 3364 478 3425 Jaucerandi
489 3363 619 3444 quicquid
634 3363 700 3443 juris
712 3363 852 3426 habebant
865 3364 894 3425 in
907 3364 1102 3426 mandamento
1120 3365 1211 3426 Chas-

130 3462 256 3524 chiarum
275 3461 310 3522 de
326 3460 430 3522 Bestris
446 3474 467 3521 3.

173 3578 243 3639 739.
259 3565 337 3634 ltem,
357 3558 442 3639 quod.
465 3559 675 3620 instrumentum
700 3558 741 3638 (ut
768 3557 851 3636 704),
884 3558 1028 3619 continens
1053 3557 1210 3637 homagium
1290 3586 1293 3590 ·

130 3657 229 3737 hgium
244 3656 389 3736 prestitum
402 3675 451 3736 per
462 3656 537 3716 dom.
554 3655 706 3715 iohannem
721 3653 875 3728 Alamandi,
890 3654 1032 3715 dominum
1061 3654 1208 3731 Sechiline,

131 3767 160 3816 et
186 3753 411 3833 recognicionem
437 3773 487 3832 per
507 3752 635 3813 eumdem
649 3752 748 3813 factam
766 3750 801 3811 de
818 3763 920 3823 castro,
937 3751 1131 3813 mandamento
1146 3752 1212 3814 dicti

131 3852 186 3915 loci
200 3850 338 3913 Sechihne
352 3863 380 3912 et
392 3851 576 3911 terminum...
589 3849 623 3910 ad
634 3847 891 3930 recognoscendum
901 3848 979 3928 plura
992 3848 1014 3911 si
1024 3868 1078 3930 que
1088 3862 1164 3913 tenet
1175 3851 1211 3912 ab

130 3951 234 4013 eodem
248 3949 326 4010 dom.
338 3947 479 4029 dalphino.

173 4099 195 4135 r.
220 4081 258 4133 En
279 4098 312 4134 m.
336 4078 457 4133 Videatur
477 4077 591 4151 quoniam
613 4079 692 4150 tangit
706 4076 888 4150 recogniciones
902 4076 995 4133 Montis
1009 4078 1116 4134 Bonodi.
1134 4109 1165 4118 —
1183 4093 1207 4131 2.

130 4152 170 4206 En
184 4169 219 4205 m.
236 4149 330 4221 Tangit
344 4147 522 4222 recognitiones
536 4146 628 4204 Visilie.
646 4180 679 4190 -
697 4165 720 4222 3.
736 4148 774 4203 Eu
789 4166 821 4203 m.
838 4148 961 4221 Opsencii.

975 4258 1049 4340 [9
