2716 4784
519 402 524 411 .
597 362 774 427 -‚106—

148 498 419 569 nocccoxxxrxo,
447 472 492 556 die
508 513 565 556 xxn
593 494 810 571 menstruali,
837 493 985 556 mutinen
1003 494 1218 575 recogniomm

148 589 339 671 homagiorum
364 590 501 673 Eynrerici
523 591 558 652 de
583 590 680 663 vado,
698 589 856 653 condomini
881 589 916 652 de
934 589 1018 667 vivo,
1039 590 1170 652 lobannis
1188 591 1218 652 de

147 694 274 769 Cogneto
294 701 322 750 et
343 688 462 769 plurium
484 688 600 750 aliorum
620 688 753 751 nobilium
773 688 801 750 in
817 688 1002 750 instrumento
1019 701 1215 761 contentorum,

147 785 193 868 qui
212 784 324 866 quidem
343 784 450 848 nobiles
470 799 533 848 suut
547 786 805 849 mandamentorum
820 784 894 862 vivi,
912 784 1021 862 Varsie,
1042 786 1173 862 Parisius,
1188 785 1216 846 de

150 890 244 963 Vorey
258 895 286 943 et
301 881 336 944 de
355 889 445 943 Muta

107 1028 111 1035 .
193 978 259 1059 562.
276 985 355 1054 ltem,
372 979 458 1060 quod
475 978 576 1060 publ
569 992 781 1042 instrumentum
800 977 934 1089 scriptum
953 997 1039 1040 manu
1060 979 1136 1042 Petri
1150 985 1217 1040 Asse·

54 1082 60 1091 ’
149 1076 208 1153 lini,
224 1076 276 1138 sub
289 1075 433 1138 annoDni
447 1083 489 1137 Μ0
493 1079 636 1137 lleLXlll⁰
639 1089 692 1152 ,110
704 1076 817 1141 kalend.
824 1075 930 1152 marcii,
940 1075 1092 1138 continens
1105 1075 1216 1156 homagia

149 1172 264 1253 prestita
280 1172 358 1234 dom⁰
375 1179 459 1233 Petro
472 1172 597 1234 Auruscii
612 1192 663 1253 per
681 1172 856 1235 Guillelmum
878 1179 996 1235 Estoma
1015 1185 1046 1235 et
1063 1173 1216 1254 Stephanum

42 1313 45 1318 -
151 1270 270 1334 Sillardi.

194 1367 258 1446 563.
288 1373 367 1442 ltem,
389 1366 475 1455 quod.
502 1366 715 1429 instrumentum
737 1367 780 1448 (ut
806 1368 885 1451 506),
906 1366 1055 1430 continens
1075 1358 1216 1448 homagium

150 1463 244 1544 ligium
264 1463 408 1544 prestitum
425 1464 503 1525 dom⁰
516 1463 648 1545 dalphino
660 1484 711 1545 per
728 1465 894 1548 Eymionum
904 1465 940 1527 de
955 1465 1124 1528 Chamondo
1137 1477 1163 1527 et
1173 1476 1217 1526 tet·

151 1579 366 1738 mlddiddtltem,
385 1678 413 1738 q.
434 1658 510 1738 publ.
526 1660 738 1721 instrumentum
755 1660 764 1739 l
767 1671 794 1721 ut
812 1658 891 1741 506),
906 1657 1055 1721 continens
1076 1656 1217 1740 homagium

151 1756 245 1838 ligium
258 1755 402 1837 prestitum
417 1775 467 1836 per
480 1755 692 1818 Guillelmonum
703 1756 739 1817 de
749 1755 876 1818 Cizerino
892 1769 920 1818 et
933 1755 1169 1837 assignaeionis...

124 1892 127 1899 -
197 1852 260 1932 565.
289 1858 368 1928 trem,
394 1852 430 1914 al.
455 1852 683 1929 instrumentum,
708 1867 736 1915 ut
758 1853 880 1935 praced,
905 1853 1054 1916 continens
1075 1854 1217 1936 homagium

38 2011 41 2015 .
152 1950 245 2031 ligium
258 1951 403 2032 prestitum
416 1951 494 2014 dom⁰
511 1951 642 2033 dalphino
660 1971 711 2033 per
725 1959 872 2033 Hugonem
889 1950 926 2013 de
946 1950 1077 2014 Cizerino
1093 1964 1121 2014 et
1135 1949 1218 2014 terui-

153 2065 294 2108 minum...

199 2142 264 2222 566.
294 2148 373 2217 ltem,
401 2143 436 2204 al.
471 2143 547 2224 publ.
575 2144 795 2207 instrumentum·
820 2142 953 2225 scriptum
986 2162 1081 2205 manu
1099 2142 1218 2206 lohanm's

157 2237 300 2301 Benedicti
326 2238 432 2315 clerici,
459 2241 604 2303 continens
634 2241 858 2323 recognicionem
886 2239 1081 2322 homagiorum
1099 2254 1219 2324 quorum·

155 2339 219 2401 dam
248 2337 381 2400 nobilium
411 2337 592 2419 infrascript,
627 2351 654 2400 et
680 2339 769 2419 primo
791 2337 927 2400 Guillelmi
946 2337 983 2399 de
1007 2338 1114 2400 Briono
1129 2338 1219 2402 condo

155 2437 222 2501 mini
244 2437 310 2499 dicti
332 2437 397 2513 loci,
418 2437 549 2499 iohannis
568 2437 603 2499 de
621 2443 728 2513 Tanco,
753 2437 893 2519 Aymareti
917 2436 1029 2498 Gareini
1051 2449 1080 2500 et
1098 2434 1218 2500 Guillelmi

155 2534 289 2610 Marcelli,
305 2534 401 2597 iacobi
416 2542 532 2609 Rantru,
551 2533 672 2595 Arnaudi
687 2533 722 2594 de
738 2540 823 2614 Sapo,
839 2535 971 2597 Johannis
988 2534 1106 2597 Chalani
1124 2549 1151 2597 et
1168 2533 1219 2615 plu·

155 2632 225 2695 rium
242 2632 379 2694 aliorum
372 2651 401 2693 m
412 2633 473 2712 ipso
488 2633 671 2694 instrumento
685 2644 889 2693 contentorum.

76 2796 79 2803 ,
199 2729 264 2808 567
288 2735 368 2803 ltem,
387 2728 472 2821 quod.
490 2728 551 2789 al.
544 2742 755 2790 instrumentum
769 2728 808 2810 (ut
823 2728 903 2810 506),
912 2727 1067 2790 continens
1077 2725 1218 2808 homagium

156 2824 250 2905 ligium
262 2824 406 2904 prestitum
418 2825 495 2887 dom⁰
503 2825 634 2906 dalphino
647 2845 697 2906 per
709 2833 821 2887 Petrum
833 2824 999 2906 Baquellerii
1010 2839 1042 2888 et
1049 2825 1217 2889 terminum...

202 2920 267 2999 568.
286 2927 365 2998 Item,
384 2922 469 3002 quod.
491 2922 567 3003 publ.
590 2923 802 2986 instrumentum
820 2922 952 3003 scriptum
975 2941 1061 2984 manu
1079 2916 1219 2983 Martinide

157 3016 341 3095 condamina,
357 3018 501 3082 continens
515 3019 634 3082 vidimus
650 3020 792 3098 cujusdam
811 3019 917 3092 lictere,
933 3019 961 3079 in
979 3038 1034 3100 qua
1051 3018 1145 3082 lictera
1160 3035 1217 3080 con-

155 3113 258 3176 tinetur
284 3115 359 3195 quod
382 3116 457 3178 dom.
485 3117 646 3179 Hunbertus
668 3116 814 3197 dalphinus
836 3129 865 3178 et
886 3115 964 3176 dom²
983 3122 1065 3178 Anna
1086 3117 1143 3196 ejus
1164 3131 1219 3176 uxor

158 3210 357 3274 concesserunt
379 3213 456 3274 dom⁰
474 3214 588 3276 Gastoni
605 3213 760 3276 vicecomiti
781 3213 873 3274 Biardi
888 3225 917 3274 et
931 3212 1009 3274 dom⁰
1022 3214 1162 3296 B(eatricit
1179 3213 1219 3272 do·

158 3309 232 3372 mine
248 3309 418 3390 Fucigniaci,
433 3311 491 3390 ejus
505 3312 595 3387 uxori,
611 3312 646 3372 ad
660 3311 746 3372 vitam
755 3311 841 3392 ipsius
855 3311 976 3372 domus,
985 3324 1107 3374 castrum
1121 3325 1148 3374 er
1159 3327 1218 3384 nan·

156 3407 316 3469 damentum
332 3407 474 3489 Oysencii,
491 3407 583 3469 Visilie
601 3421 630 3470 et
645 3407 762 3497 plurium
778 3408 906 3470 aliorum.

200 3503 265 3585 569.
290 3510 369 3579 ltem,
390 3503 476 3584 quod.
495 3503 531 3565 al.
558 3504 636 3585 publ.
660 3505 872 3566 instrumentum
898 3504 1033 3585 scriptum
1053 3525 1139 3568 manu
1159 3497 1219 3566 Petn‘

156 3602 274 3664 tasselini
295 3602 406 3676 notarii,
434 3602 578 3665 continens
602 3604 677 3684 quod
702 3603 841 3684 Guigona‚
867 3623 938 3666 uuor
958 3602 1080 3665 condam
1105 3596 1221 3665 mmussil

159 3699 261 3760 Montis
283 3699 385 3775 Fortis,
410 3699 536 3762 vendidit
559 3700 692 3783 Syboudo
714 3700 750 3762 de
775 3707 874 3763 Castro
897 3707 979 3762 Novo
996 3719 1024 3762 tx
1047 3693 1222 3764 sestaria‘uiui

138 3842 141 3856 .
157 3796 218 3876 puri
235 3815 335 3859 census
349 3817 403 3879 que
417 3797 538 3860 habebat
552 3797 580 3858 in
594 3797 739 3879 parrochia
755 3797 942 3871 decureum,
958 3797 1100 3879 scriptum'
1106 3798 1159 3861 sub
1166 3811 1224 3860 annu

158 3895 368 3956 Mvtlsstxvnt

203 4008 266 4069 570.
289 3997 368 4068 ltem,
396 3993 432 4054 al.
456 3993 534 4074 publ.
557 3993 769 4055 instrumentum
790 3993 922 4074 scriptum
945 4011 1029 4054 manu
1058 3992 1144 4076 Guig.
1171 3997 1229 4052 Fru-

159 4087 243 4150 menti
260 4101 333 4164 not,
350 4089 402 4151 sub
419 4109 492 4152 anno
517 4090 570 4152 uni
586 4096 872 4166 M0CCC⁰Xxllllll⁰,
889 4089 934 4152 die
952 4103 994 4152 uta
1007 4089 1156 4168 febroarii,
1172 4105 1231 4151 con·
