2716 4784
136 514 241 570 Sancto
263 509 409 591 Dyonisio,
434 510 486 572 suh
502 520 575 572 anno
604 519 745 572 lncamac.
776 512 829 572 Diri
859 517 1048 588 M⁰CCC0V1⁰,
1078 512 1122 573 die
1149 525 1212 576 vrua

91 629 94 637 ·
135 606 240 668 mensis
256 607 432 687 septembris,
459 608 602 669 continens
618 608 692 688 quod
717 608 835 670 illustres
860 608 912 669 viri
938 609 1013 670 dom.
1044 609 1211 671 humbertus

134 703 283 783 dalphinus
298 704 460 766 Viennensis
472 719 500 767 et
513 705 588 766 dom.
607 705 746 768 lohannes
763 705 914 785 Dalphinus
926 726 1019 768 comes
1033 706 1213 787 Vapincensis

136 800 262 862 aedom.
284 801 375 862 Guido
392 801 536 882 Dalphini,
554 802 613 880 ejus
635 801 725 877 liberi,
748 821 798 881 pro
817 821 847 862 se
870 815 898 863 et
919 802 1066 864 heredibus
1087 803 1153 879 suis,
1178 822 1213 864 ex

133 915 189 957 una
205 909 295 976 parte,
315 911 343 959 et
354 897 461 960 nobiles
480 897 531 959 viri
558 898 634 961 dom.
653 897 748 958 Drodo
763 897 890 959 dominus
904 899 1049 961 Bellivisus
1065 898 1099 959 de
1118 906 1212 960 Marco

136 1007 164 1055 et
176 994 268 1075 Guigo
281 994 340 1074 ejus
354 994 439 1071 lilius,¹
461 1015 496 1056 en
512 994 608 1071 altera,
632 995 756 1056 lecerunt
770 1010 851 1074 pacta
875 1009 904 1056 et
919 996 1124 1057 convenciones
1142 996 1214 1057 inter

119 1094 167 1153 ‘se
192 1093 228 1154 ad
252 1093 371 1156 invicem
394 1114 449 1155 una
479 1113 544 1174 pars
570 1093 685 1155 alteram
702 1093 808 1173 iuvare,
832 1093 990 1155 deffendere
1017 1108 1045 1157 et
1064 1094 1154 1156 tuheri
1177 1094 1212 1156 de
1310 1142 1315 1152 .

135 1188 239 1268 placito
256 1205 285 1253 et
300 1191 336 1252 de
350 1210 451 1272 guerra
464 1204 562 1252 contra
574 1190 703 1252 comitem
719 1190 856 1256 Sabaudie
870 1204 898 1252 et
915 1204 1012 1252 contra
1026 1210 1213 1271 quascumque

135 1306 283 1366 personas.

179 1401 247 1463 ²40·
278 1391 356 1460 ltem,
389 1385 474 1464 quod.
500 1385 712 1446 instrumentum
746 1385 878 1465 scriptum
908 1405 990 1446 manu
1016 1384 1150 1468 hymonis
1177 1385 1213 1446 de

137 1481 271 1542 Tornafol
286 1480 321 1542 de
337 1489 432 1543 Monte
459 1482 603 1562 Luppello,
621 1480 673 1542 sub
689 1500 762 1542 anno
782 1483 835 1542 Diri
861 1488 1100 1558 M011⁶XC0V1110,
1126 1482 1211 1544 indic.

135 1590 188 1653 xt³,
204 1577 249 1639 die
263 1577 391 1640 mercurii
404 1591 467 1658 post
484 1578 584 1640 festum
601 1578 803 1640 Decollacionis
827 1578 901 1640 beati
927 1580 1059 1641 lohannis
1076 1579 1211 1660 Baptiste‚

135 1674 282 1736 continens
298 1675 431 1754 quasdam
445 1675 636 1736 federaciones
650 1674 714 1735 olim
727 1675 827 1736 inhitas
842 1674 913 1737 inter
927 1676 1003 1738 dom.
1030 1676 1212 1738 Humbertum

137 1771 309 1850 dalphinum,
340 1792 374 1833 ex
403 1792 456 1833 una
483 1786 572 1852 parte,
604 1786 632 1833 et
658 1772 829 1833 Arthaudum
859 1772 999 1833 dominum
1031 1773 1212 1848 Rossillionis,

137 1868 294 1948 Guigonem
306 1869 342 1929 de
358 1869 520 1930 Rossillione
540 1869 681 1930 dominum
707 1869 741 1930 de
765 1868 855 1946 Anio,
875 1868 952 1930 dom.
976 1868 1130 1949 Guigonem
1153 1870 1215 1929 hla-

136 1964 231 2026 mandi
253 1965 394 2027 dominum
425 1965 508 2027 Vallis
534 1965 657 2041 Bonesii,
686 1966 839 2027 lohannem
871 1964 906 2026 de
935 1972 1037 2026 Sancto
1068 1965 1170 2026 Sabino
1187 1979 1215 2026 et

138 2064 334 2147 Raymondum
345 2064 379 2126 de
393 2063 560 2127 Medullione
572 2063 707 2142 juniorem
722 2077 750 2125 et
764 2064 840 2125 dom.
852 2063 1013 2144 episcopum
1025 2063 1212 2136 Valentinum,

137 2180 223 2241 super
237 2181 271 2222 eo
286 2162 360 2242 quod
374 2181 444 2222 unus
457 2159 604 2222 tenebatur
616 2160 693 2240 sequi
710 2160 792 2221 alium
807 2160 842 2222 de
857 2180 957 2241 guerra
971 2175 990 2223 ¹,.

179 2275 249 2333 241.
270 2265 350 2334 ltem,
366 2259 451 2339 quod.
467 2258 678 2319 instrumentum
691 2258 824 2338 scriptum
841 2278 923 2319 manu
940 2257 1040 2319 Humb¹
1056 2256 1137 2318 Pilati
1152 2271 1212 2318 not.

137 2350 220 2437 pub,
237 2357 290 2432 sub
302 2376 375 2418 anno
401 2357 454 2417 Dr'ri
479 2362 768 2442 moccc0xxxt1113,
789 2354 873 2417 indic.
901 2374 944 2428 na,
969 2354 1013 2416 die
1037 2365 1096 2415 xxr³
1122 2373 1212 2414 mens.

137 2451 281 2528 febroarii,
298 2452 442 2515 continens
456 2453 531 2533 quod
553 2452 727 2514 Guichardus
747 2452 782 2513 de
807 2459 891 2513 Costa
914 2452 1075 2513 domicellus
1098 2451 1217 2532 prestitit

139 2548 300 2628 homagium
315 2549 409 2630 ligium
423 2550 502 2610 dom⁰
519 2549 673 2611 Humberto
687 2548 819 2628 dalphino
829 2548 978 2609 Viennensi
994 2561 1022 2609 et
1035 2547 1217 2628 protestacio-

138 2664 203 2706 nem
217 2645 320 2707 laetam
332 2665 383 2725 per
396 2645 549 2708 dominum.

183 2760 254 2820 242.
275 2749 354 2818 ltem,
369 2742 441 2803 aliud
466 2743 678 2803 instrumentum
693 2741 735 2822 (ut
751 2758 784 2820 ²3
795 2741 834 2822 5),
851 2741 995 2802 continens
1009 2741 1083 2821 quod
1108 2743 1217 2804 Lantel·

140 2860 202 2902 mus
217 2840 322 2902 Atoerii
343 2840 379 2902 de
396 2840 518 2902 Cabeolo
542 2860 593 2921 pro
618 2860 647 2922 se
672 2853 700 2901 et
724 2839 872 2902 heredibus
893 2839 948 2901 suis
965 2839 1030 2902 fecit
1060 2840 1216 2921 homagium

140 2938 236 3018 ligium
251 2938 286 2998 de
298 2958 428 3018 persona,
448 2958 510 2999 cum
523 2936 697 3018 prestatione
712 2950 741 2998 et
753 2936 897 3015 juramenti
913 2936 1009 2999 debiti.

179 3053 249 3113 243.
268 3043 346 3111 Item,
372 3035 455 3116 qued.
478 3035 567 3097 littera
593 3035 697 3114 scripta
716 3050 789 3095 anno
808 3034 861 3095 Diri
884 3041 1101 3108 M⁰CC⁰LXV10‚
1123 3053 1218 3096 mense

140 3131 250 3206 marcii,
265 3132 384 3212 quodam
398 3131 486 3212 sigillo
502 3131 617 3212 sigillata
638 3130 666 3192 in
688 3131 830 3211 pendenti,
856 3131 1000 3192 continens
1021 3130 1095 3210 quod
1120 3125 1217 3191 Sillio²

140 3231 176 3292 de
196 3238 267 3290 Eraz
282 3230 442 3292 domicellus
457 3250 507 3312 pro
524 3250 554 3293 se
569 3243 597 3291 et
611 3229 759 3292 heredibus
776 3231 831 3292 suis
848 3250 878 3291 se
904 3229 1051 3292 devestivit
1076 3228 1111 3289 de
1134 3228 1217 3287 domo

139 3347 192 3388 sua
209 3326 244 3387 de
262 3327 356 3388 Erasio
371 3340 399 3388 et
416 3326 452 3388 de
465 3327 585 3407 pedagio
601 3326 636 3387 de
652 3333 722 3388 Eraz
744 3341 772 3388 et
790 3327 912 3387 omnium
930 3326 1046 3387 aliorum
1063 3345 1116 3405 que
1137 3337 1219 3385 tene-

139 3424 191 3484 bat
204 3423 232 3482 in
249 3422 323 3484 dicto
338 3421 545 3499 mandamento,
562 3422 590 3483 in
610 3442 708 3484 manus
730 3423 803 3484 dom¹
827 3422 961 3502 Guigonis
988 3421 1109 3500 dalphini
1132 3421 1218 3482 Vien-

138 3520 237 3581 nensis
253 3533 280 3581 et
295 3520 384 3581 dictus
399 3520 474 3583 dom.
490 3519 636 3599 dalphinus
651 3520 686 3580 de
710 3519 842 3600 predictis
855 3520 944 3599 ipsum
958 3517 1098 3579 investivit
1113 3532 1139 3579 et
1159 3518 1218 3598 ipse

139 3617 287 3680 confessus
303 3618 354 3679 fuit
368 3637 397 3679 se
410 3612 472 3680 esse
485 3616 624 3678 hominem
639 3616 733 3696 ligium
747 3617 782 3677 de
802 3616 933 3696 predictis
961 3629 989 3676 et
1005 3634 1037 3675 ea
1063 3628 1159 3676 tenere
1182 3616 1218 3678 ab

139 3715 246 3778 eodem
261 3715 289 3775 in
303 3715 415 3776 feudum
431 3714 607 3796 reddi(bi)lia
622 3734 638 3774 a
653 3713 729 3774 dicto
744 3712 821 3774 dom.
838 3712 968 3791 dalphino
978 3725 999 3772 ³.
1261 3702 1263 3707 ’

184 3831 264 3891 244.Δ
276 3819 355 3887 ltem,
372 3812 457 3893 quod.
480 3813 517 3874 al.
534 3813 746 3873 instrumentum
762 3809 892 3889 scriptum
914 3828 997 3869 manu
1019 3808 1120 3870 Ηιιιιιὶιἰ
1140 3809 1219 3872 Pilati
1302 3886 1305 3892 Δ

135 3923 203 3972 not.
220 3908 303 3989 pub,
320 3908 457 3970 subanno
473 3909 829 3982 unim0ccc0XXX11110,
845 3905 930 3967 indic.
951 3924 981 3981 u,
1004 3904 1049 3966 die
1071 3906 1219 3968 minensis

179 4132 204 4168 1.
222 4112 310 4171 Eram.
326 4111 346 4164 Α
364 4108 436 4182 liga.
452 4142 486 4152 —-
503 4129 526 4165 2.
541 4114 575 4165 Aa
587 4111 666 4166 Silvo.
678 4141 711 4151 -
728 4128 751 4182 3.
767 4110 805 4163 Ειι
821 4128 857 4165 m.
873 4112 894 4163 A
909 4109 980 4165 Ultra
995 4109 1137 4165 Rodanum.

1036 4218 1057 4277 4
