2716 4784
590 431 628 444 ..
654 412 704 477 ¹53
727 432 764 444 -

182 523 251 601 874.
268 529 348 600 Item,
381 524 437 586 duo
456 523 533 606 publ.
555 527 737 590 instrumenta
759 529 786 590 in
802 547 857 590 una
873 529 944 609 pelle
972 528 1051 590 simul
1077 545 1213 603 connexa,

138 619 244 701 scripta
267 639 350 682 manu
375 621 507 683 iohannis
530 623 663 685 Alamaini
680 625 780 686 notarii
803 625 895 706 publ.,
911 646 1027 707 quorum
1041 624 1159 705 primum
1174 637 1216 687 est

138 715 193 777 sub
216 735 289 777 anno
315 715 369 777 Diri
400 723 613 794 M⁰CC⁰LXlll⁰,
644 720 727 783 indic.
754 737 805 798 v12,
822 723 866 784 die
893 736 1089 784 vnrflexcente
1111 721 1214 796 madio,

139 813 286 876 continens
301 813 458 900 homagium
474 815 567 895 ligium
591 830 620 879 et
641 818 863 898 recognicionem
877 819 1019 899 prestitam
1034 837 1084 899 per
1102 825 1215 879 Petrum

139 911 176 973 de
194 918 296 973 Sancto
315 913 433 975 Martino
448 913 525 974 dom⁰
544 921 628 976 Petro
646 916 767 991 Aurucii,
786 916 899 978 domino
917 916 1018 977 Montis
1036 915 1159 992 Bonodi;
1176 947 1216 962 -

139 1009 209 1088 875.
228 1010 385 1070 Secundum
411 1029 478 1071 vero
493 1023 536 1084 est
557 1011 609 1072 sub
623 1012 722 1073 eodem
734 1032 807 1075 anno
821 1027 849 1075 et
860 1013 958 1089 indic,
976 1013 1020 1074 die
1034 1024 1075 1072 v1³
1089 1025 1216 1074 exeumte

139 1125 236 1168 mense
251 1106 384 1184 octobris,
400 1108 545 1170 continens
559 1110 633 1189 quod
644 1117 744 1172 Petrus
770 1111 928 1174 Heustachii
942 1112 977 1173 de
988 1119 1083 1172 Monte
1098 1110 1216 1172 Bonodo

139 1204 285 1266 consessus
299 1205 351 1267 fuit
364 1219 392 1268 et
401 1206 580 1287 recognoscit
590 1227 619 1268 se
634 1221 730 1270 tenere
744 1229 760 1270 a
772 1209 850 1270 dom⁰
866 1216 951 1271 Petro
965 1207 1086 1282 Aurucii,
1103 1206 1216 1268 domino

141 1302 245 1363 Montis
259 1302 378 1378 Bonodi,
391 1303 419 1363 in
434 1303 546 1364 feudum
561 1318 589 1366 et
601 1304 713 1366 nomine
725 1304 799 1366 feudi
818 1325 863 1368 res
879 1319 908 1368 et
921 1306 995 1367 bona
1009 1305 1037 1367 in
1052 1305 1126 1367 dicto
1140 1306 1215 1366 intrtt

140 1413 284 1476 contenta,
299 1399 351 1462 sub
365 1400 454 1462 modis
467 1414 495 1462 et
508 1401 716 1463 condicionibus
733 1402 760 1462 in
778 1403 838 1483 ipso
853 1402 1016 1483 designatis.

143 1485 147 1492 ⁴
181 1499 251 1576 876.
271 1507 349 1575 Item,
365 1500 452 1580 quod.
469 1501 505 1562 al.
524 1501 734 1562 instrumentum
747 1501 824 1582 publ.
840 1501 972 1582 scriptum
988 1521 1070 1563 manu
1083 1500 1216 1564 lobannis

140 1597 177 1660 de
194 1597 363 1660 Valamanda
373 1598 472 1660 notarii
487 1599 564 1680 publ.
579 1599 630 1661 sub
646 1619 719 1660 anno
738 1599 792 1660 oni
808 1605 998 1675 M⁰CC⁰LX11,
1015 1599 1111 1662 indict.
1126 1619 1155 1676 v,
1171 1600 1216 1662 die

140 1716 181 1758 ιιιι
198 1697 318 1759 intrante
332 1717 426 1759 mense
446 1699 579 1773 octobris,
596 1697 740 1759 continens
760 1698 952 1760 vendicionem
975 1697 1087 1779 quamd.
1115 1696 1215 1758 iactam

140 1795 219 1856 dom⁰
235 1803 319 1857 Petro
331 1796 442 1857 Aurucii
463 1796 551 1872 militi,
575 1797 686 1858 domino
709 1797 810 1858 Montis
840 1797 958 1874 Bonodi,
988 1817 1039 1877 per
1064 1797 1214 1858 Imbertum

140 1892 176 1954 de
203 1892 318 1954 Malario
343 1894 378 1956 de
392 1913 422 1954 ιιι
450 1893 671 1976 eyminisavene
688 1913 798 1971 census,
812 1894 901 1975 pretio
925 1913 961 1955 xx
976 1893 1057 1956 solid.
1078 1894 1213 1955 bonorum

139 1988 276 2051 Viennen.

180 2089 250 2166 877.
274 2094 353 2165 ltem,
375 2089 462 2171 quod.
486 2090 522 2153 al.
546 2091 757 2154 instrumentum
779 2090 856 2172 publ.
877 2090 1008 2172 scriptum
1031 2111 1114 2153 manu
1139 2091 1215 2153 Petri

139 2187 264 2248 Ancelmi
279 2186 379 2248 notarii
396 2187 472 2268 publ.
490 2188 541 2249 sub
557 2208 630 2249 anno
647 2188 701 2249 oni
717 2194 968 2264 M⁰CC⁰LXXVll⁰,
992 2188 1076 2250 indic.
1096 2202 1137 2264 vt,
1153 2206 1213 2250 ιιιιιι

139 2284 254 2345 kalend.
273 2284 376 2365 aprilis,
398 2284 523 2347 contines
537 2285 612 2366 quod
626 2280 764 2348 lohannes
780 2286 899 2348 Faideus
923 2285 958 2347 de
974 2293 1069 2347 Monte
1096 2283 1214 2346 Bonodo

139 2394 167 2444 et
189 2388 269 2443 Bona
286 2381 399 2442 Femina
416 2382 474 2461 ejus
488 2402 558 2444 uxor
571 2396 795 2463 recognoverunt
807 2384 885 2445 dom⁰
899 2390 983 2445 Petro
998 2381 1109 2444 Aurucii
1125 2380 1211 2462 quod.

138 2492 249 2559 pratum
264 2492 292 2541 et
306 2479 448 2559 grangiam
464 2479 629 2542 confinatam
642 2481 670 2541 in
679 2480 740 2560 ipso
755 2480 855 2542 instro.

179 2577 248 2653 878.
266 2583 345 2653 ltem,
362 2578 448 2658 quod.
465 2578 501 2639 al.
520 2579 730 2641 instrumentum
745 2577 876 2658 scriptum
898 2596 981 2639 manu
996 2575 1071 2638 Petri
1090 2575 1124 2637 de
1138 2582 1215 2637 dva-

137 2673 202 2735 lone
216 2674 316 2736 notarii
326 2675 403 2754 publ.
421 2675 473 2736 sub
489 2696 562 2738 anno
577 2676 630 2737 Diri
643 2682 868 2751 m⁰cc⁰xc⁰111⁰,
881 2675 965 2737 indic.
985 2688 1037 2747 vra,
1054 2682 1086 2736 ιι0
1099 2671 1211 2734 kalend.

136 2770 314 2851 septembris,
329 2771 474 2833 continens
488 2773 561 2852 quod
583 2773 617 2834 ad
643 2772 804 2834 instanciam
836 2771 965 2833 Chaberti
979 2771 1014 2833 de
1040 2771 1214 2832 Brianczono

137 2867 277 2929 domicelli
295 2867 451 2943 Dideretus,
467 2868 538 2930 filius
549 2869 667 2930 condam
687 2869 809 2951 Aynardi
828 2870 862 2931 de
887 2869 996 2944 Crollis,
1021 2867 1167 2931 confitetur
1187 2880 1215 2930 et

137 2965 315 3044 recognoscit
331 2976 358 3026 et
374 2985 424 3045 per
436 2979 637 3027 sacramentum
653 2985 746 3027 coram
771 2966 887 3028 Vimano
907 2967 941 3029 de
955 2973 1064 3028 Toveto
1085 2980 1114 3029 et
1127 2972 1210 3027 Fran.

138 3061 249 3136 Boveti,
268 3061 400 3124 ordinatis
413 3081 465 3142 pro
478 3062 564 3138 curia,
584 3082 613 3124 se
629 3076 725 3125 tenere
748 3077 777 3125 et
801 3077 896 3125 tenere
916 3064 988 3143 velle
1010 3064 1038 3124 in
1060 3063 1173 3126 feudum
1186 3076 1215 3125 et

132 3159 249 3220 'nomine
271 3158 346 3221 leudi
360 3180 376 3220 a
390 3159 464 3221 dicto
479 3159 618 3221 Chaberto
632 3179 677 3222 res
692 3175 720 3224 et
730 3162 804 3223 bona
821 3182 875 3242 que
891 3161 1004 3223 inferius
1018 3161 1211 3222 continentur:

136 3258 226 3338 primo
241 3257 387 3320 confitetur
400 3258 466 3320 dict.
487 3258 633 3321 Dideretus
645 3260 720 3340 quod
735 3260 794 3342 ipse
804 3274 882 3323 tenet
896 3279 912 3320 a
931 3259 1005 3320 dicto
1021 3258 1160 3319 Chaberto
1170 3256 1215 3318 al·

135 3355 264 3435 bergium
282 3355 417 3417 Guillelmi
434 3356 553 3418 Bosonis
567 3371 595 3420 et
616 3357 737 3419 villermi
763 3358 880 3419 Bosonis
896 3357 1006 3438 nepotis
1020 3356 1061 3417 sui
1080 3355 1210 3429 condam,

136 3467 163 3516 et
179 3454 328 3514 Martinum
340 3454 458 3515 Bosonis
473 3468 501 3516 et
516 3454 669 3516 iohannem
685 3455 720 3515 de
735 3446 887 3516 Montabon
902 3467 930 3516 et
955 3452 1072 3514 heredes
1088 3459 1214 3512 Domen·

135 3551 190 3630 geti
212 3550 249 3612 de
276 3557 401 3612 Fontana
421 3551 539 3613 condam
565 3566 593 3615 et
614 3553 731 3614 heredes
752 3552 884 3614 iohannis
907 3550 1024 3612 Bosonis
1049 3548 1167 3618 condam
1185 3559 1214 3610 et

136 3649 284 3710 Martinum
299 3649 416 3711 Bosonis
429 3663 457 3711 et
471 3649 588 3711 heredes
615 3647 736 3710 Melmeti
753 3649 788 3709 de
805 3649 831 3709 la
845 3656 947 3730 Frayta
966 3660 994 3709 et
1019 3645 1136 3708 heredes
1153 3653 1214 3708 Do-

135 3746 257 3827 mengeti
274 3746 300 3806 lo
313 3747 406 3826 Juglat
420 3747 538 3809 condam
557 3761 585 3810 et
603 3747 721 3807 heredes
743 3745 875 3807 iohannis
890 3743 1028 3819 Bracheti,
1044 3763 1105 3806 cum
1120 3743 1213 3805 liberis

134 3845 258 3925 ipsorum
274 3845 447 3925 presentibus
461 3860 488 3908 et
501 3846 599 3907 futuris
614 3859 641 3907 et
655 3864 718 3906 cum
736 3844 864 3906 omnibus
879 3843 962 3905 rebus
974 3863 1042 3924 quas
1055 3842 1099 3905 vel
1113 3843 1213 3925 quibus

135 3941 201 4005 dicti
216 3941 341 4004 homines
358 3955 454 4004 tenent
467 3942 503 4004 de
515 3943 621 4004 directo
636 3941 710 4022 apud
725 3948 878 4002 Fontanam
889 3953 916 4002 et
930 3939 1003 4002 circa
1014 3946 1166 4002 Fontanam
1177 3940 1212 4002 de
1272 3995 1274 3998 .

136 4040 214 4102 Bello
232 4032 338 4115 Monte,
354 4053 382 4101 et
390 4040 470 4121 plura
486 4040 538 4101 alia
552 4041 580 4101 in
595 4039 670 4102 dicto
688 4040 777 4101 instrto
794 4052 934 4101 contenta.

175 4129 251 4215 879.
266 4143 345 4212 ltem,
359 4138 446 4217 quod.
469 4138 506 4201 al.
529 4138 741 4200 instrumentum
756 4137 833 4218 publ.
850 4136 982 4218 scriptum
1009 4154 1092 4198 manu
1117 4133 1212 4196 Jacobi
