2716 4784
410 473 413 479 .
592 412 768 476 -154-
1241 476 1243 495 ,

140 528 175 590 de
191 528 309 590 Buneria
318 529 418 592 notarii
434 529 511 611 publ.
523 528 576 592 sub
585 548 659 592 anno
678 529 731 591 Dlli
747 534 983 605 Mfficffixxlll,
999 528 1089 591 indic.
1101 541 1145 604 11²,
1163 537 1200 589 vrt

137 625 200 689 idus
215 626 355 702 febroarii,
369 628 514 691 continens
528 628 602 709 quod
612 627 774 709 Rodulphus
790 627 920 689 dominus
932 627 1155 702 lntenuontium‚
1166 645 1201 706 pro

139 740 169 783 sc
183 735 210 784 et
224 724 373 786 heredibus
389 725 456 800 suis,
472 727 673 807 imperpetuum
688 724 843 806 albergavit
867 738 897 788 et
915 724 1035 787 nomine
1061 738 1202 787 contractu

138 820 306 900 emphitetici
334 823 447 884 tradidit
472 837 500 885 et
517 823 656 885 concessit
682 822 800 884 lohanni
827 822 864 884 de
892 828 1056 905 Cossonay,
1079 821 1202 902 recipient'

139 918 250 979 nomine
266 938 317 981 suo
334 933 362 981 et
376 920 497 983 Artaude
519 920 613 982 uxoris
627 939 688 995 sue,
712 920 798 1002 quod.
817 919 1013 982 molendinum
1036 940 1101 983 cum
1114 939 1202 1001 appen

139 1014 212 1077 ditiis
221 1029 249 1078 et
258 1016 363 1095 juribus
372 1017 407 1078 ad
421 1017 510 1099 ipsum
522 1017 722 1098 pertinentibus
736 1031 837 1080 etcum
851 1031 1018 1080 tenemento
1029 1018 1084 1080 sito
1090 1018 1200 1098 desuper,

138 1111 223 1174 videl.
241 1126 326 1188 terre,
341 1114 422 1176 vinee
443 1128 471 1176 et
492 1116 637 1191 castaneti,
664 1115 738 1197 quod
760 1127 950 1177 tenementum
975 1116 1096 1178 tenebat
1113 1134 1130 1176 a
1145 1115 1201 1177 dicto

142 1209 290 1290 Rodulpho
308 1211 472 1273 lambertus
491 1212 509 1273 li
528 1213 706 1295 Caneyllons,
736 1211 811 1294 quod
839 1211 1036 1274 molendinum
1051 1213 1124 1292 jacet
1146 1209 1201 1292 apul

80 1366 86 1376 ,
140 1307 287 1368 Buxeriam
299 1329 307 1385 3
320 1328 371 1388 pro
384 1322 544 1372 tenemento
554 1309 680 1390 predicto
690 1310 775 1372 debet
789 1310 856 1372 dict.
870 1308 1044 1372 Lambertus
1058 1328 1065 1371 t
1078 1309 1201 1372 sestlriun

141 1424 230 1467 avene
241 1420 288 1468 etr
304 1420 402 1468 sestar.
414 1408 470 1469 vini
485 1421 513 1470 et
530 1421 647 1471 rsestar.
661 1422 853 1471 castanearum
866 1408 1014 1470 annuatim
1024 1409 1062 1471 de
1076 1407 1202 1471 servitioet

140 1521 158 1561 v
173 1504 254 1565 solid.
271 1504 307 1565 de
321 1505 433 1587 placito.

180 1601 248 1663 880.
265 1609 343 1676 ltem,
360 1603 446 1683 quod.
465 1603 501 1665 al.
518 1604 730 1666 instrumentum
743 1602 875 1684 scriptum
887 1619 974 1664 manu
992 1602 1129 1666 Lantelmi
1142 1607 1202 1662 due

138 1697 200 1762 nisii
213 1700 311 1761 notarii
329 1700 406 1780 publ.
422 1700 473 1762 sub
490 1719 564 1762 anno
579 1700 632 1761 uni
652 1705 866 1776 M⁰CCC⁰Xlll⁰‚
878 1700 978 1762 indict.
991 1713 1047 1778 xv,
1064 1718 1094 1762 vt
1105 1699 1163 1761 kale
1180 1697 1201 1758 d.

138 1796 215 1876 junii,
231 1798 376 1859 continens
389 1796 464 1879 quod
485 1798 520 1858 ad
540 1797 702 1859 instanciam
728 1796 828 1858 nobilis
847 1796 899 1859 viri
924 1797 1071 1879 Rodulpbi
1085 1796 1121 1860 de
1136 1804 1204 1858 lnter-

139 1894 279 1957 montibus
295 1907 323 1956 et
342 1914 454 1956 suorum
471 1894 615 1969 heredum,
642 1901 742 1956 Petrus
760 1891 863 1961 Rasfini
876 1906 906 1956 et
920 1894 1067 1956 lohannes
1080 1907 1110 1957 et
1123 1900 1204 1955 Petuu

141 1990 288 2073 Freyneati
302 1990 400 2052 fratres
420 2003 447 2051 et
461 1989 554 2070 plures
567 1990 612 2051 alii
625 1990 652 2052 in
666 1990 740 2052 dicto
756 1990 846 2052 insuto
868 1990 1006 2053 nominati
1019 1978 1140 2053 confessi
1156 2001 1205 2051 sun

139 2101 168 2149 et
182 2101 406 2166 recognoverunt
417 2107 447 2150 se
460 2102 555 2150 tenere
574 2102 602 2150 et
625 2102 722 2151 tenere
742 2087 813 2150 velle
830 2101 858 2150 et
871 2088 977 2151 debere
1000 2074 1018 2150 a
1035 2089 1111 2151 dicto
1134 2085 1203 2149 nobil

141 2183 287 2264 Rodulpho
317 2184 352 2245 de
372 2185 586 2248 lntermontibus
609 2204 665 2260 res,
689 2185 892 2276 possessionesN
905 2199 935 2248 et
955 2186 1079 2248 servicia
1099 2185 1128 2246 in
1146 2183 1205 2244 dicto

139 2279 229 2342 instr¹⁰
239 2295 394 2356 contentas,
409 2282 475 2344 sitas
496 2282 524 2345 in
544 2283 690 2364 parrochia
705 2285 798 2346 Sancti
822 2284 896 2346 Petri
921 2284 957 2347 de
974 2285 1139 2348 alavardo:
1164 2301 1206 2365 que

140 2377 232 2439 omnia
250 2379 332 2441 hodie
342 2381 481 2460 pertinent
493 2381 527 2443 ad
545 2381 687 2442 dominum
699 2396 836 2445 nostrum.

180 2476 248 2538 881.
265 2484 344 2553 Item,
359 2477 444 2558 quod.
456 2478 533 2559 publ.
544 2479 755 2541 instrumentum
768 2480 901 2560 scriptum
911 2498 998 2542 manu
1014 2479 1115 2543 lacobi
1126 2477 1206 2542 Paned

93 2609 96 2617 ·
140 2575 239 2637 notarii
250 2575 327 2656 publ.
339 2577 390 2639 sub
401 2597 474 2638 anno
491 2577 545 2638 Diri
559 2577 778 2659 M0CC(L⁰)VI⁰,
791 2592 855 2638 vura
870 2577 986 2640 kalend.
999 2578 1138 2653 octobris,
1153 2595 1206 2638 con·

138 2674 229 2736 tinens
245 2674 349 2753 quand.
372 2675 595 2755 recognicionem
611 2676 711 2737 laetam
737 2675 884 2757 Rodulpho
899 2675 934 2736 de
951 2676 1169 2738 lntermontibus
1180 2672 1206 2734 de

138 2770 302 2852 quibusdam
313 2770 470 2833 hominibus
483 2785 510 2833 et
524 2772 607 2834 rebus
626 2773 655 2834 in
676 2772 750 2834 dicto
766 2772 856 2834 instr²⁰
868 2772 1010 2834 contentis
1025 2787 1053 2835 et
1070 2768 1207 2853 designatis

138 2887 188 2947 per
204 2867 366 2929 Michaelem
390 2868 425 2930 de
443 2869 568 2931 Ferreria
592 2883 620 2932 et
643 2869 815 2933 vincentium
840 2870 876 2932 de
895 2868 1050 2946 Alavardo,
1076 2867 1207 2952 inquibus

56 3044 60 3053 Ι
139 2964 222 3027 rebus
236 2979 264 3028 et
277 2965 366 3027 leudis
381 2967 416 3027 de
427 2969 548 3047 presenti
558 2969 634 3029 dom.
650 2981 745 3030 noster
760 2968 906 3049 dalphinus
916 2968 1056 3040 succedit.

179 3062 247 3124 882.
274 3069 354 3138 Item,
373 3065 459 3145 quod.
475 3066 511 3127 al.
527 3062 738 3128 instrumentum
755 3066 833 3147 publ.
859 3065 994 3147 scriptum
1019 3086 1105 3129 manu
1125 3061 1207 3128 lacub‘

139 3161 237 3221 Panoti
259 3160 359 3222 notarii
373 3162 450 3242 publ.
473 3162 525 3223 sub
555 3182 628 3224 anno
660 3164 714 3226 Diri
730 3169 920 3239 M⁰CC⁰LVI⁰,
935 3163 1036 3227 indict.
1050 3178 1137 3243 ntur,
1152 3169 1205 3228 v1u²

32 3260 37 3275 ’
136 3259 250 3322 kalend.
266 3260 401 3336 octobris,
416 3261 560 3323 continens
574 3261 798 3342 recognicionem
814 3261 916 3323 factam
942 3260 1059 3323 domino
1078 3263 1115 3326 de
1129 3273 1207 3351 lnter-

139 3357 278 3419 montibus
292 3377 343 3438 per
359 3357 551 3438 Raymondam
574 3357 610 3419 de
632 3366 727 3420 Monte
745 3358 870 3420 Evrardo
885 3370 915 3420 et
935 3357 1097 3422 lohannem
1122 3361 1207 3424 Percli

138 3454 174 3517 de
187 3453 325 3516 Alavardo
341 3455 377 3516 de
387 3455 439 3516 hiis
450 3475 503 3536 que
517 3455 631 3518 tenebat
642 3455 677 3518 ab
691 3457 753 3537 ipso
764 3456 914 3538 Rodulpho
928 3456 964 3518 de
979 3459 1204 3522 lntermontibus:

138 3571 192 3632 que
207 3552 299 3614 omnia
314 3553 453 3633 pertinent
465 3553 499 3614 ad
511 3555 587 3616 dom.
603 3567 726 3615 nostrum
749 3555 919 3636 dalphinum.

179 3648 246 3728 883.
281 3657 360 3728 ltem,
379 3652 466 3732 quod.
484 3652 520 3714 al.
537 3651 613 3732 publ.
635 3651 846 3715 instrumentum
863 3652 997 3733 scriptum
1014 3673 1102 3716 manu
1130 3661 1205 3716 llum·

138 3747 210 3809 berti
236 3749 270 3811 de
284 3757 381 3812 Manso
396 3749 495 3811 notarii
509 3749 585 3830 publ.
605 3749 657 3811 sub
677 3769 750 3812 anno
767 3751 821 3811 Diri
846 3755 1118 3829 M0ccc⁰xxx1x⁰‚
1134 3749 1202 3813 indic.

139 3862 190 3918 vu,
209 3844 253 3907 die
267 3847 363 3908 ultima
384 3847 486 3910 mensis
502 3846 595 3922 madii,
614 3847 759 3909 continens
784 3847 1010 3928 recognicionem
1026 3849 1201 3930 homagiorun

139 3941 449 4027 nobiliuminfrascript.
474 3945 661 4007 mandamenti
678 3945 821 4008 Avinionis
836 3946 864 4007 in
883 3945 996 4024 Tritis,
1025 3947 1073 4029 qui
1102 3940 1200 4011 conlesti

139 4039 251 4102 fuerunt
262 4061 322 4104 esse
332 4042 457 4105 homines
470 4042 526 4124 ligii
544 4042 617 4104 dom¹
631 4042 719 4105 nostri
734 4042 866 4125 dalphini,
889 4041 977 4106 videl.
993 4050 1096 4107 Petrus
1111 4039 1205 4105 Riverie‘

72 4202 78 4213 ,
140 4136 253 4201 nomine
263 4157 313 4203 suo
327 4150 355 4205 et
367 4139 499 4205 lobannis
510 4139 603 4203 fratris
620 4139 673 4217 sui,
682 4153 739 4203 etc.
839 4206 842 4214 ,
