2716 4784
695 375 850 435 ..66-

238 515 363 583 xltvll·‚
393 507 484 588 sigillo
511 503 649 585 magnifici
677 519 705 566 et
729 506 851 586 potentis
881 506 934 568 viri
950 506 1027 568 dom.
1046 506 1185 569 lobannis
1208 507 1295 586 comitis
1345 532 1348 541 ·

237 604 343 667 Foresii
359 622 423 666 cera
446 602 534 664 mbeo
547 602 575 663 in
592 600 724 680 pendenti
736 602 865 682 sigillata,
880 603 1026 665 continens
1042 602 1121 684 quod
1148 601 1222 664 idem
1236 601 1295 664 don.

221 700 376 762 .lohannes
392 717 487 761 comes
500 697 605 759 Foresii
619 697 762 759 confessus
776 698 828 760 luit
841 697 970 760 habuisse
983 718 999 760 a
1023 697 1178 780 magnifico
1193 698 1299 781 primlp

236 797 267 857 d⁰
278 797 406 876 Guigone
417 794 548 874 dalphino
560 795 720 871 Viennensi,
736 795 772 856 de
788 814 895 857 summa
911 795 1008 875 majori
1021 795 1049 857 in
1062 814 1121 876 qua
1136 795 1298 859 dictusdun.

236 891 382 972 delphinus
391 891 482 952 eidem
493 890 585 951 comiti
595 891 752 966 tenebatur,
771 891 855 953 videl.
868 899 895 952 M
911 905 938 955 et
952 894 990 954 Vc
1004 893 1129 954 florenos
1138 893 1202 954 auri
1211 893 1245 955 de
1253 892 1303 954 Flo

237 989 325 1050 nentia
337 987 403 1049 boni
416 986 559 1068 ponderis,
573 986 609 1048 de
623 986 723 1067 quibus
738 986 842 1048 dictum
858 987 934 1049 dom.
952 986 1116 1069 dalphinum
1126 1000 1157 1051 et
1170 986 1304 1051 suoslide·

235 1087 358 1166 iussores
368 1086 450 1148 solvit
464 1098 492 1147 et
502 1084 640 1166 quittavit.

271 1194 306 1247 Et
319 1201 377 1247 sunt
390 1190 456 1247 dicte
469 1191 518 1245 due
532 1188 612 1245 littere
625 1205 700 1264 supra
715 1188 826 1264 proxime
840 1186 970 1262 registrate
984 1187 1054 1245 simul
1065 1189 1092 1245 in
1102 1190 1215 1264 quadarn
1225 1187 1304 1247 buxida

235 1297 285 1353 que
298 1279 467 1352 superscripta
481 1288 529 1333 est.

282 1376 346 1451 338.
363 1382 442 1449 ltem,
461 1375 547 1456 quod.
562 1375 599 1436 al.
615 1375 834 1457 instrumentum
864 1387 1005 1455 receptum
1020 1392 1105 1437 manu
1120 1375 1227 1459 liturnhi
1239 1373 1308 1437 elad

236 1485 296 1532 not.
312 1472 379 1550 pub.
398 1484 427 1533 et
448 1484 604 1552 grossatum
630 1490 713 1533 manu
743 1473 874 1535 lobannis
895 1472 1054 1535 Amandrini
1073 1486 1135 1535 not.
1167 1473 1250 1555 pub,
1264 1471 1308 1534 sub

237 1586 312 1629 anno
330 1568 383 1630 Diri
396 1575 661 1644 M⁰CCC⁰XXVlll⁰‚
677 1569 762 1632 indic.
777 1583 830 1645 rut,
846 1569 892 1631 die
912 1588 930 1630 u
944 1569 1046 1632 mensis
1056 1570 1157 1647 madii,
1174 1570 1308 1633 continens

237 1665 395 1746 homagium
410 1679 438 1727 et
457 1664 619 1727 fidelitatem
634 1664 778 1745 prestitum
793 1685 843 1746 per
857 1664 934 1727 dom.
954 1667 1156 1742 Fremondum‚
1176 1667 1307 1730 dominun

234 1761 275 1823 de
300 1761 447 1839 Tolojone,
474 1762 553 1822 dom0
580 1762 698 1842 Guigoni
716 1762 846 1842 dalphino
861 1762 1020 1839 Viennensi,
1037 1763 1122 1826 salvis
1137 1763 1308 1828 fidelitatibus

239 1858 315 1919 dom.
333 1860 442 1920 comitis
452 1857 675 1932 Altisiadorensis
688 1872 716 1920 et
740 1857 842 1919 domini
860 1857 896 1919 de
910 1858 1029 1935 Vilariis,
1053 1872 1084 1922 et
1109 1859 1201 1924 debet
1228 1863 1308 1924 facere

237 1974 366 2034 guerram
383 1956 441 2034 ipse
453 1969 481 2016 et
492 1953 610 2015 heredes
627 1954 668 2015 sui
678 1954 714 2015 de
729 1954 855 2034 personis
868 1954 925 2016 suis
940 1954 1017 2017 etde
1031 1956 1308 2037 castrodeToloione

237 2064 267 2112 et
276 2052 474 2113 mandamento
483 2051 606 2128 ejusdem
618 2065 715 2113 contra
725 2070 915 2133 quascumque
928 2070 1073 2132 personas,
1087 2054 1218 2136 exceptis
1230 2053 1308 2117 domi·

237 2148 281 2208 nis
295 2148 471 2228 supradictis.

281 2261 347 2324 339.
368 2251 447 2318 ltem,
465 2245 549 2326 qued.
565 2246 655 2308 littera
669 2246 764 2326 sigillis
779 2245 916 2326 magnifici
933 2260 961 2308 et
984 2245 1106 2326 potentis
1127 2246 1183 2309 viri
1207 2247 1234 2309 d¹
1259 2247 1308 2309 dal

238 2340 313 2420 phini
340 2354 368 2403 et
397 2341 501 2403 domini
540 2342 576 2403 de
603 2343 690 2404 chata
718 2343 746 2404 in
761 2341 893 2421 pendenti
912 2341 1041 2423 sigillata,
1054 2341 1161 2424 scripta
1179 2344 1307 2407 subarro

239 2437 293 2498 Dr'ri
316 2445 533 2514 M⁹CC⁰LX0110,
546 2440 692 2500 continens
704 2439 779 2519 quod
802 2445 911 2501 Franco
928 2439 964 2500 de
984 2439 1081 2515 chata,
1105 2439 1181 2504 filius
1200 2442 1305 2504 condam

237 2535 310 2597 dom‘
327 2537 440 2598 hmedei
468 2535 572 2596 domini
604 2535 639 2596 de
663 2536 761 2610 Chata,
778 2535 942 2616 recognovit
956 2555 986 2597 se
999 2549 1097 2598 tenere
1113 2556 1130 2598 a
1146 2537 1236 2600 donn
1247 2537 1305 2599 Gui-

235 2651 310 2712 gone
324 2633 456 2712 dalphino
468 2632 618 2694 Viennensi
642 2646 762 2694 castrum
780 2645 809 2694 et
830 2631 1055 2694 mandamentum
1079 2630 1118 2694 de
1141 2633 1234 2697 Chare
1253 2653 1303 2697 cun

236 2728 364 2791 omnibus
374 2724 545 2809 pertinentiis
557 2741 585 2788 et
596 2727 794 2808 appendenciis
802 2727 888 2807 ipsius
903 2727 986 2790 castri
1001 2741 1029 2789 et
1044 2728 1238 2793 mandamenti
1248 2728 1303 2791 red-

237 2826 330 2886 dibilia
353 2826 388 2886 ad
408 2825 565 2904 homagium
586 2837 614 2885 et
631 2822 803 2900 fidelitatem,
827 2838 855 2886 et
875 2826 1019 2886 confessus
1038 2824 1090 2886 fuit
1110 2826 1190 2906 quod
1212 2826 1302 2888 inmu

235 2923 341 2984 tatione
358 2922 461 2982 domini
478 2936 505 2983 et
519 2921 628 2982 vassalli
646 2922 776 2982 vexillum
797 2922 871 2982 dom¹
895 2921 1016 3003 dalphini
1030 2918 1119 2985 debet
1146 2926 1216 3005 poni
1233 2941 1300 3004 suptt

235 3019 349 3079 domum
360 3017 425 3078 dicti
442 3018 534 3094 castri,
548 3031 577 3080 et
590 3037 642 3098 pro
655 3017 786 3098 predictis
800 3017 958 3097 homagium
972 3017 1067 3098 ligium
1076 3015 1298 3081 dicendorum·

234 3113 320 3193 phino
337 3114 455 3193 prostitit
468 3133 529 3176 cum
543 3115 699 3194 juramento
715 3113 864 3176 fidelitatis.

277 3228 344 3289 340.
362 3218 442 3287 ltem,
457 3212 541 3292 qued.
560 3212 650 3274 littere
662 3212 778 3292 sigillate
794 3212 822 3272 in
836 3211 967 3291 pendenti
995 3211 1085 3273 tribus
1101 3212 1211 3294 sigillis,
1228 3208 1296 3276 videl.

233 3308 329 3389 sigillis
339 3307 411 3368 dom¹
424 3307 556 3388 delphini,
566 3309 689 3388 episcopi
703 3308 915 3388 Gracionopolis
930 3308 1077 3388 etcapituli
1089 3311 1187 3372 Sanc-ti
1207 3309 1299 3385 Andree

236 3404 458 3483 Gracionopolis,
475 3405 577 3484 scripte
592 3423 665 3465 anno
693 3405 780 3466 Driice
803 3405 917 3467 Nativit.
944 3412 1191 3484 M⁰CC⁰XXXlX⁰,
1207 3420 1238 3469 v⁰
1251 3405 1301 3466 idus

234 3503 302 3581 julii,
341 3503 426 3564 indic.
456 3515 519 3576 xue,
549 3500 723 3562 continentes
742 3500 818 3580 quod
842 3501 1004 3564 Guillelmus
1022 3501 1058 3563 de
1080 3502 1216 3587 Belveyr,
1237 3517 1302 3585 pater

235 3600 371 3660 Guillelmi
384 3600 420 3660 de
434 3597 588 3672 Falaverio,
601 3597 822 3679 recognoscebat
836 3617 867 3659 se
880 3598 945 3659 olim
959 3599 1101 3678 obligasse
1125 3620 1180 3681 pro
1210 3618 1304 3664 summa

236 3698 299 3756 lllm
315 3696 397 3757 solid.
416 3695 552 3756 viennen.
568 3693 646 3754 dom⁰
678 3693 821 3768 Beatrisie,
850 3695 956 3757 vienne
981 3707 1008 3756 ct
1031 3695 1147 3758 Albonis
1162 3699 1304 3771 comitisse,

235 3805 355 3852 castrum
373 3793 408 3853 de
425 3791 548 3871 Septimo
573 3805 601 3853 et
624 3789 808 3852 confitebatur
831 3791 898 3852 dict.
926 3791 1054 3853 dominus
1079 3791 1115 3854 de
1140 3795 1223 3856 Bello
1248 3795 1309 3857 Visa

235 3887 339 3948 dictum
349 3887 518 3949 castrum‘de
527 3887 653 3966 Septimo
667 3900 695 3948 et
711 3887 746 3947 de
760 3886 904 3949 Falaverio
918 3887 1007 3950 teneri
1026 3886 1056 3948 in
1072 3888 1192 3952 feudum
1206 3912 1224 3955 a
1240 3891 1310 3954 dom⁰

236 3981 378 4062 tilpino,
392 3996 420 4043 er
435 3982 501 4044 dict.
519 3996 638 4044 castrum
649 3981 816 4061 resepnmo
830 3983 915 4045 rabat
926 3984 999 4046 utere
1013 3984 1091 4046 rom·
1107 3963 1248 4051 aearrisre
1260 3986 1313 4049 ral-

235 4078 318 4158 phine
332 4091 360 4138 et
374 4077 432 4156 ejus
444 4076 511 4152 filio,
527 4091 610 4157 prout
625 4077 677 4138 hec
694 4090 721 4137 et
735 4076 814 4156 plura
828 4078 880 4140 alia
890 4079 918 4140 in
928 4079 996 4142 dict.
1010 4078 1108 4143 litteris
1122 4084 1312 4148 continentur.
