2716 4784
613 383 791 461 ‘¹48-

163 513 359 577 mandamento
375 513 410 575 de
422 513 553 589 monasio,
569 512 655 577 videl.
669 532 721 595 pro
731 512 783 576 illis
795 511 962 576 molendinis
973 531 1031 593 que
1040 511 1156 575 fuerunt
1170 508 1234 574 Guil-

161 608 235 671 lelmi
263 609 428 672 Bertholenc
443 609 478 671 de
493 609 634 692 Rovoyria
648 608 836 673 mandamenti
863 608 900 673 de
924 609 1077 687 Morassio,
1108 623 1190 691 prout
1211 607 1234 670 iu

161 705 336 769 dictoinstr¹⁰
347 706 453 788 plenius
467 706 634 769 continetur.

201 805 270 881 852.
300 811 379 879 Item,
409 805 495 885 quod.
524 804 601 886 publ.
623 804 835 868 instrumentum
860 804 993 886 scriptum
1026 822 1113 866 manu
1139 802 1234 864 Thone

161 901 283 963 Guorclli
300 900 399 964 notarii
418 901 495 981 publ.
509 901 561 963 sub
575 920 649 964 anno
666 901 720 964 nni
735 901 1009 983 ntccuxxwlt),
1031 900 1121 963 indic.
1138 900 1232 981 quinta,

160 997 204 1061 die
230 998 294 1060 lune
319 998 347 1060 in
372 998 465 1079 vigilia
493 998 520 1061 b¹
548 999 667 1076 Thone,
690 1000 835 1062 continens
862 998 1024 1079 homagium
1039 1011 1069 1060 et
1083 996 1233 1060 fidelitatem

159 1096 302 1177 prestitam
320 1114 370 1176 per
391 1102 504 1158 Petrum
529 1097 652 1161 Pascalis
681 1097 814 1180 Syboudo
841 1096 877 1158 de
900 1103 1092 1173 castronovo,
1117 1093 1146 1158 in
1167 1094 1234 1173 cujus

160 1193 274 1256 Siboudi
292 1193 382 1254 locum
402 1193 526 1255 succedit
549 1194 625 1257 dom.
641 1209 737 1257 noster
755 1194 911 1275 dalphinus‚
934 1191 1076 1256 confitens
1098 1205 1128 1256 et
1143 1211 1234 1273 recog-

159 1309 278 1352 noscens
292 1289 365 1351 idem
381 1296 481 1352 Petrus
495 1310 525 1353 se
541 1291 644 1354 debere
669 1304 697 1353 et
719 1290 822 1354 debere
836 1290 928 1354 lacere
945 1291 1040 1353 eidem
1058 1291 1190 1374 Syboudo
1210 1302 1234 1351 et

159 1387 215 1450 suis
228 1385 308 1448 annis
322 1385 436 1466 singulis
447 1401 583 1468 perpetuo
593 1407 613 1449 ιι
623 1387 738 1450 sestaria
752 1401 780 1450 et
793 1406 800 1449 ι
821 1387 923 1450 cartale
943 1387 1079 1450 frumenti
1102 1405 1199 1451 census
1209 1398 1234 1463 et

159 1502 189 1546 ur
219 1482 333 1564 gallinas
359 1502 483 1560 census;
505 1485 571 1546 item
588 1484 676 1546 eciam
701 1484 819 1565 prestitit
854 1483 953 1546 eodem
982 1483 1072 1546 modo
1102 1485 1231 1546 tohames

159 1581 254 1642 vitalis
268 1580 427 1661 homagium
445 1581 537 1661 ligium
553 1596 581 1643 et
598 1579 759 1643 fidelitatem
773 1580 847 1642 dicto
858 1579 994 1658 Siboudo,
1005 1578 1147 1644 confitens
1157 1580 1227 1641 iidem

157 1678 220 1739 ioh.
245 1692 273 1740 et
295 1697 499 1758 recognoscens
521 1698 550 1739 se
575 1677 679 1740 debere
692 1678 784 1740 facere
797 1678 886 1740 eidem
903 1677 972 1760 Syb.
989 1679 1074 1741 annis
1086 1677 1196 1760 singulis
1208 1690 1231 1738 et

157 1775 213 1837 suis
227 1775 376 1837 heredibus
396 1794 414 1836 ιι
435 1774 549 1837 sestaria
573 1789 601 1837 et
623 1774 741 1837 eminam
761 1775 889 1836 lrurnenti
909 1794 1028 1854 census;
1052 1776 1119 1838 item
1142 1782 1230 1837 Petrus

158 1882 291 1956 Moysens
301 1874 419 1955 prestitit
429 1874 587 1955 homagium
598 1888 626 1936 et
635 1873 794 1936 fidelitatem
805 1873 931 1955 predicto
942 1874 1093 1957 Syboudo,
1105 1871 1229 1937 confitens

158 1972 230 2033 idem
248 1980 348 2035 Petrus
363 1992 393 2034 se
405 1972 509 2035 debere
524 1973 599 2036 dicto
615 1972 748 2055 Syboudo
762 1972 855 2034 iacere
871 1963 950 2034 annis
965 1972 1084 2054 singulis
1099 1992 1138 2035 ιιιι
1153 1989 1228 2052 quar-

156 2070 220 2131 talia
239 2084 267 2133 ct
281 2071 395 2132 terciam
410 2085 516 2152 partem
529 2090 536 2132 r
554 2071 687 2152 quartalis
698 2070 827 2133 frumenti
841 2088 941 2134 census
956 2084 985 2134 et
997 2073 1116 2135 terciam
1131 2084 1226 2155 partem

159 2184 177 2227 ιι
193 2166 355 2247 gallinarum
372 2186 483 2245 census,
500 2181 583 2249 prout
599 2169 650 2231 hec
670 2181 698 2230 et
715 2166 799 2248 qued.
819 2166 871 2230 alia
884 2166 912 2228 in
927 2166 1003 2231 dicto
1029 2167 1123 2232 insuto
1146 2165 1227 2230 conti·

155 2277 268 2328 nentur.

195 2361 264 2442 853.
296 2368 375 2437 ltem,
396 2362 470 2443 quod
492 2363 528 2425 al.
551 2362 763 2425 instrumentum
777 2360 855 2442 publ.
883 2360 1016 2442 scriptun
1044 2383 1131 2425 manu
1161 2361 1225 2424 Petri

155 2459 260 2522 Buvaci
269 2459 368 2522 notarii
385 2459 462 2540 publ.
481 2460 533 2521 sub
548 2479 621 2521 anno
640 2459 693 2520 Diri
709 2464 882 2532 tt⁰cc⁰xc0,
900 2458 987 2522 indic.
1002 2479 1033 2536 ιι,
1050 2473 1105 2522 vrr⁰
1121 2459 1222 2522 kalend.

152 2555 278 2633 januarii,
295 2557 441 2619 continens
456 2557 614 2637 homagium
632 2556 726 2636 ligium
754 2570 783 2619 et
797 2554 955 2619 fidelitatem
980 2556 1078 2637 ligiam
1093 2557 1223 2639 prestitam

152 2651 230 2717 dom⁰
241 2668 337 2716 nostro
355 2653 486 2734 dalphino
506 2673 555 2733 per
578 2653 731 2715 iohannem
760 2653 796 2715 de
817 2649 977 2716 Altovilario
994 2653 1181 2731 domicellum,
1200 2665 1224 2715 et

151 2766 202 2828 pro
217 2750 335 2830 predict.
367 2748 498 2829 homagio
523 2761 551 2810 et
572 2747 703 2810 fidelitate
726 2749 801 2810 idem
818 2750 958 2812 lohannes
973 2752 1122 2815 confessus
1138 2751 1186 2814 luit
1198 2769 1223 2811 se

151 2845 255 2908 babere
267 2861 295 2909 et
314 2861 410 2909 tenere
424 2861 452 2909 et
474 2847 578 2909 habere
594 2847 664 2910 velle
680 2847 715 2909 de
732 2848 816 2909 feudo
831 2847 896 2929 ligio
916 2863 944 2910 et
961 2847 1088 2912 dominio
1116 2847 1222 2931 predicti

148 2944 225 3008 dom.
235 2946 356 3027 dalphini
369 2945 499 3027 quicquid
512 2945 606 3020 habet,
626 2958 714 3021 tenet,
731 2944 856 3026 possidet
866 2945 911 3007 vel
927 2944 1006 3027 quasi
1020 2965 1113 3027 perse
1126 2946 1169 3009 vel
1181 2963 1224 3026 per

147 3045 230 3107 aliurn
248 3066 296 3108 seu
311 3046 380 3108 alius
396 3046 505 3127 abipso
521 3046 549 3107 in
561 3059 619 3106 tota
634 3044 705 3107 valle
720 3045 849 3107 Alavardi
861 3045 889 3106 in
903 3045 988 3126 plano
998 3046 1067 3110 etin
1078 3061 1181 3123 monte,
1192 3044 1223 3106 ab

147 3159 220 3221 aqua
237 3162 291 3224 que
304 3156 421 3204 vocatur
436 3149 548 3225 Bayncz
563 3142 696 3222 usquead
708 3141 808 3204 Malam
821 3149 948 3219 Fossam,
961 3158 1083 3224 excepto
1093 3144 1147 3206 hoc
1156 3141 1223 3224 quod

146 3250 247 3301 teneta
262 3239 340 3300 dom⁰
354 3239 455 3301 comite
467 3238 643 3302 Gebennensi
651 3239 724 3320 apud
734 3239 921 3320 Chapellatam
930 3253 957 3303 et
964 3239 993 3302 in
1001 3240 1151 3322 parrochia
1158 3240 1224 3302 dicte

148 3335 320 3416 chapellete,
344 3350 372 3398 et
386 3337 517 3418 quicquid
532 3357 644 3418 quoquo
668 3337 747 3398 titulo
763 3336 847 3401 habet
862 3336 908 3400 vel
919 3337 1065 3419 aquisierit
1078 3338 1149 3403 infra
1162 3337 1221 3400 dim

146 3432 279 3495 terminos
294 3434 456 3507 infuturum,
476 3434 540 3496 dum
568 3448 662 3495 tamen
678 3433 831 3514 aquirenda
860 3455 911 3516 per
940 3435 1031 3517 ipsum
1049 3455 1109 3500 non
1126 3447 1220 3509 essent,

146 3543 229 3608 prout
246 3531 297 3592 hec
311 3544 338 3592 et
350 3530 429 3611 plura
446 3530 498 3592 alia
513 3531 541 3592 in
557 3530 631 3592 dioto
646 3531 736 3592 insrr²⁰
748 3531 936 3595 continentur.

186 3626 254 3706 854.
269 3634 348 3705 Item,
364 3627 449 3710 qued.
466 3627 561 3690 lietera
577 3627 665 3690 tribus
680 3628 775 3709 sigillis
791 3627 819 3690 in
836 3627 968 3710 pendenti
982 3627 1116 3712 sigillata,
1128 3631 1219 3714 scripta

144 3721 197 3784 sub
221 3743 294 3785 anno
312 3726 365 3786 Dr'ri
393 3730 639 3800 M0CC0XC011110,
660 3724 704 3786 die
717 3724 788 3819 jovis
803 3739 866 3805 post
884 3724 1054 3806 quindenam
1071 3728 1219 3812 appostolo

142 3837 204 3879 rurn
223 3820 298 3881 Petri
313 3836 341 3884 et
358 3823 448 3897 Pauli,
482 3822 627 3886 continens
651 3821 881 3902 compromissum
911 3823 998 3904 quod.
1029 3823 1135 3890 factum
1157 3827 1217 3888 inter

142 3913 250 3977 nobiles
262 3915 338 3978 viros
356 3919 518 3999 Syboudum
541 3919 576 3980 de
591 3925 767 3980 castronovo
792 3938 826 3980 ex
848 3939 903 3981 una
922 3933 1002 4001 parte
1017 3935 1047 3984 et
1065 3930 1174 3987 Petrum
1186 3921 1214 3982 de

143 4013 302 4075 Bucurione
316 4027 344 4074 et
359 4015 515 4078 Berlionem
537 4017 596 4093 ejus
616 4015 701 4076 hlium
717 4036 752 4078 ex
766 4016 864 4094 altera,
884 4037 969 4099 super
983 4019 1150 4100 quibusdam
1164 4019 1211 4080 dis-

142 4112 245 4175 cordiis
259 4127 286 4175 et
303 4114 428 4174 rancuris
441 4132 509 4193 quas
519 4113 591 4174 inter
607 4133 656 4174 eos
671 4114 822 4191 habebant,
838 4129 921 4196 prout
931 4116 984 4179 hec
998 4116 1043 4200 (ut
1059 4119 1143 4202 853).
