2716 4784
587 384 765 451 ..206-

142 536 202 578 rum
213 530 241 577 et
255 528 413 577 curaturum
430 534 492 577 curn
509 514 608 576 ellectu
620 512 695 593 quod
709 531 806 575 omnes
818 512 932 575 vassalli
941 511 1069 593 predicti
1079 512 1110 575 d.
1120 512 1218 575 comitia

142 612 297 694 quialiquid
318 626 413 673 tenent
427 611 455 673 in
468 610 580 673 feudum
596 610 632 671 ab
648 610 720 690 ipso,
735 609 810 691 quod
826 608 862 671 ad
877 610 1103 691 requisicionem
1111 610 1218 691 predicti

142 710 172 771 d.
187 709 307 789 dalphini
320 710 363 769 vel
376 710 434 787 ejus
444 708 631 788 procuratoris
645 707 737 769 omnia
751 726 806 787 que
828 719 926 769 tenent
946 707 986 768 de
1001 706 1090 770 feudo
1114 706 1219 789 predicti

142 806 172 867 d.
187 806 294 868 comitis
309 818 511 885 recognoscent
524 822 586 865 esse
600 804 636 865 de
645 802 822 883 ieudoipsius
834 816 862 865 et
872 802 909 866 de
919 803 1220 885 retroieudoprocon-

143 922 264 984 cequens
277 904 343 965 dicti
357 902 385 963 d.
408 902 546 982 dalphini;
564 916 591 964 et
612 901 635 963 si
652 902 690 962 ita
705 914 790 975 esset,
810 899 886 981 quod
903 900 993 974 absit,
1013 901 1095 983 quud
1109 901 1221 965 hereret

143 1018 288 1062 successor
301 998 463 1060 universalis
480 998 507 1059 in
518 997 593 1060 dicto
604 998 736 1059 comitatu
751 996 916 1059 Gebennen.
933 996 1029 1059 nollet
1042 996 1170 1078 predicta
1179 1015 1220 1059 re·

143 1114 313 1175 cognoscere
325 1095 360 1156 de
375 1094 458 1156 leudo
470 1093 535 1155 dicti
549 1094 579 1154 d.
593 1093 754 1174 dalphiniet
770 1111 824 1174 que
837 1092 890 1153 sibi
900 1092 1024 1155 donavit
1040 1094 1183 1175 predictus
1193 1093 1218 1155 d.

144 1192 289 1271 dalphinus
305 1192 332 1251 in
348 1189 461 1251 feudum
473 1190 595 1270 antiqum
617 1202 646 1251 et
667 1188 713 1251 illa
738 1208 793 1269 que
818 1187 912 1269 (sunt)
926 1188 965 1249 de
994 1189 1085 1252 feudo
1114 1190 1178 1252 dicti
1194 1188 1219 1251 d.

144 1288 251 1349 comitis
267 1286 375 1347 Geben.
391 1300 419 1347 et
435 1304 535 1366 eaque
548 1283 924 1363 suntderettoieudoipsius
940 1284 974 1345 d.
993 1284 1136 1367 dalphini,
1146 1284 1220 1347 inillo

143 1404 209 1447 casu
224 1383 339 1463 predicti
356 1383 481 1445 homines
491 1397 519 1444 et
529 1382 637 1444 vassalli
651 1402 707 1444 non
720 1394 865 1443 teneantur
876 1380 999 1443 obedire
1009 1382 1136 1463 predict.
1147 1384 1222 1445 herc-

144 1478 225 1540 dibus
239 1492 266 1539 et
286 1478 492 1540 successoribus
507 1478 623 1557 predicti
640 1477 670 1540 d.
687 1476 823 1559 (comitis)
841 1475 965 1551 beben,
988 1493 1036 1540 set
1057 1478 1183 1559 predicto
1192 1479 1217 1541 d.

144 1573 274 1653 dalphino
284 1588 312 1635 et
325 1573 472 1635 heredibus
487 1574 544 1635 suis
555 1574 583 1635 in
600 1574 675 1635 dicto
689 1573 873 1654 Dalphinatu3
888 1572 955 1633 item
971 1574 1030 1636 iuit
1039 1589 1140 1646 actum
1153 1575 1220 1657 quod

144 1670 233 1732 dictus
245 1670 321 1731 dom.
338 1671 483 1751 dalphinus
503 1690 555 1733 nec
571 1672 630 1750 ejus
657 1689 832 1732 successores
852 1669 946 1750 aliquo
959 1683 1099 1752 tempore
1124 1672 1221 1753 possim

145 1768 326 1830 necdebeunt
339 1768 473 1830 directum
489 1767 640 1828 dominium
657 1766 723 1828 dicti
739 1766 886 1828 comitatus
897 1765 943 1828 vel
963 1767 1169 1849 quodcumque
1184 1768 1221 1846 jus

145 1864 185 1925 eis
196 1879 357 1943 competens
379 1865 406 1925 in
428 1864 517 1925 ieudis
540 1879 568 1926 et
589 1862 753 1926 retrofeudis
775 1861 906 1944 predictis
929 1862 1060 1927 alienare
1081 1884 1138 1927 nec
1151 1878 1221 1927 trau-

145 1960 216 2021 ierre
232 1960 259 2020 in
268 1961 386 2040 aliquam
400 1979 546 2039 personam
561 1974 732 2035 extraneam,
743 1974 785 2021 set
799 1978 910 2038 semper
919 1979 1012 2040 penes
1022 1960 1185 2043 dalphinum
1197 1972 1221 2023 et

148 2055 339 2133 Dalphinatum
352 2072 512 2118 remaneant
526 2069 556 2118 ut
568 2057 603 2118 sit
616 2056 730 2117 visibilis
745 2055 810 2118 unio
823 2055 895 2117 inter
919 2055 1011 2136 ipsos.
1033 2065 1106 2120 ltem
1128 2058 1216 2121 eaden

146 2152 211 2211 unio
226 2151 297 2212 iacta
314 2152 363 2213 luit
376 2172 426 2232 per
439 2173 487 2214 eos
509 2172 592 2233 super
605 2153 718 2214 baronia
735 2152 911 2233 Fucigniaci:
938 2153 993 2215 fuit
1007 2168 1107 2217 actum
1117 2170 1146 2219 et
1158 2174 1220 2217 con·

146 2246 338 2309 ventuminter
354 2262 446 2328 partes
459 2250 576 2330 predict.
601 2263 629 2313 et
642 2250 719 2311 dom.
739 2256 885 2330 Hugoncm
913 2249 1060 2331 Delphini,
1085 2252 1218 2315 dominun

147 2345 316 2425 Fucigniaci‚
332 2365 382 2424 pro
395 2366 424 2407 se
440 2362 467 2409 et
478 2347 625 2409 heredibus
639 2346 696 2409 suis
708 2346 782 2427 quod
797 2364 868 2407 unus
880 2358 1014 2407 teneatur
1028 2347 1066 2409 de
1079 2362 1142 2411 tota
1154 2362 1219 2411 terta

145 2461 194 2504 sua
208 2442 290 2503 alium
316 2441 459 2520 adjuvare,
484 2444 604 2524 sequier
620 2443 779 2505 deffendere
794 2456 854 2506 toto
868 2462 952 2523 posse
965 2445 1220 2527 quocienscumque

144 2540 245 2601 luerint
258 2539 425 2621 requisi(ti);
450 2554 539 2602 castra
564 2560 632 2602 vero
660 2559 714 2622 que
741 2554 820 2602 eram
834 2539 869 2601 de
890 2540 1068 2621 proprietate
1081 2555 1113 2604 et
1126 2542 1219 2604 allodio

145 2634 259 2714 predicti
274 2636 350 2697 dom.
362 2635 469 2698 comitis
483 2636 645 2698 Gebennen.
659 2650 750 2717 etque
765 2635 904 2717 predictus
913 2636 993 2697 dom.
1009 2637 1163 2719 dalphinus
1173 2638 1220 2701 de-

144 2732 184 2793 dit
196 2732 247 2793 sibi
259 2733 286 2793 in
301 2733 412 2794 feudum
436 2734 581 2809 directum,
608 2734 758 2796 dominium
781 2732 937 2808 retinendo,
960 2747 1029 2796 sunt
1049 2735 1122 2797 hec:
1137 2736 1219 2817 prium

144 2841 263 2891 castrum
273 2828 309 2890 de
323 2836 434 2910 Duyno‚
448 2843 567 2891 castmm
585 2829 620 2890 de
630 2828 749 2905 Crusilli,
764 2830 829 2891 item
844 2829 974 2890 chaceur
987 2848 1026 2891 en
1042 2836 1177 2907 Semana,
1189 2831 1217 2894 it.

145 2924 257 2985 Bastida
282 2938 308 2986 et
325 2925 389 3005 (leg.
413 2925 463 3007 de)
480 2926 585 3001 Balma,
609 2925 640 2988 it.
659 2926 803 2999 lesctees,
827 2924 858 2987 it.
885 2924 1012 2987 Gmsfies
1025 2940 1056 2987 et
1068 2924 1157 3007 qued.
1172 2928 1219 2989 alia

142 3021 170 3081 in
185 3019 356 3082 dictoinstr¹⁰
370 3035 511 3097 contenta,
527 3021 603 3103 quod
622 3021 714 3083 instrm
730 3021 875 3103 sigillatum
890 3035 932 3084 est
947 3021 977 3083 in
998 3022 1139 3102 pendenti
1151 3025 1220 3087 duo·

143 3117 195 3178 bus
207 3116 312 3197 sigillis.
589 3120 592 3124 '

187 3213 271 3293 1679.
292 3221 371 3287 item,
393 3214 479 3295 quod.
507 3214 543 3277 al.
567 3214 777 3276 instrumentum
807 3212 938 3294 scriptum
969 3234 1059 3277 manu
1086 3214 1219 3279 Bemardi

141 3317 153 3370 J
157 3310 238 3371 uliani
260 3310 358 3372 notarii
373 3312 450 3391 publ.
465 3312 516 3373 sub
529 3330 603 3372 anno
622 3311 675 3372 Diti
688 3316 904 3386 ht⁰ccc⁰xlx0‚
920 3309 1021 3374 indict.
1035 3314 1140 3391 11²,die
1152 3325 1219 3375 ιιιιιι

141 3407 242 3468 mensis
252 3407 325 3482 maii,
342 3408 486 3469 continens
500 3408 574 3488 quod
589 3408 624 3469 ad
638 3408 793 3471 instantiam
818 3420 845 3469 et
870 3406 1088 3489 requisicionem
1108 3411 1158 3474 ill¹⁸
1172 3409 1218 3473 viu

141 3503 216 3566 dom.
233 3503 344 3564 hienrici
369 3505 507 3584 Dalphini,
523 3504 644 3585 regentis
661 3506 866 3585 Dalphinatum,
890 3504 990 3567 tutoris
1004 3519 1035 3567 et
1048 3507 1157 3569 tutorio
1169 3526 1220 3569 no-

140 3601 212 3662 mine
225 3598 294 3663 illium
307 3601 472 3681 pupillorum
489 3601 624 3681 Guigonis
633 3616 661 3664 et
678 3602 822 3664 Humberti
836 3600 970 3680 dalphini,
985 3599 1113 3665 filiorum
1128 3618 1159 3667 et
1170 3604 1218 3665 he-

140 3698 235 3759 redum
246 3698 393 3760 recolende
403 3698 534 3760 memorie
549 3698 622 3759 dom‘
634 3698 766 3759 iohannis
779 3697 912 3778 dalphini,
922 3697 951 3759 in
965 3700 1120 3778 presencia
1135 3708 1215 3763 Bern.

139 3794 237 3855 iuliani
250 3795 348 3857 notarii
361 3794 515 3875 stipulantis
530 3794 640 3855 nomine
655 3814 710 3875 quo
725 3814 820 3873 supra,
837 3793 883 3855 ill¹⁸
898 3792 940 3854 vir
959 3793 1040 3857 dom.
1056 3796 1216 3860 Guillelmus

139 3909 233 3951 comes
250 3891 439 3953 Gebennensis
454 3890 596 3972 requisivit
611 3891 718 3953 nobiles
728 3890 798 3952 inira
818 3890 937 3971 scriptos
952 3902 983 3952 ut
993 3891 1049 3954 sibi
1065 3911 1216 3975 recognos-

138 4005 202 4047 cere
217 3985 349 4049 deberent
364 4008 397 4049 ea
410 3987 506 4068 queab
521 3988 581 4067 ipso
592 3987 735 4061 tenebant,
752 3988 798 4068 qui
818 3986 925 4048 nobiles
942 3989 1162 4069 recogniciones
1174 3990 1215 4053 in·

137 4085 178 4146 fra
197 4082 313 4162 scriptas
336 4085 478 4161 iecerum3
494 4083 593 4164 quibus
607 4084 848 4165 recognicionibus
858 4083 950 4158 iactis,
968 4083 1063 4149 dictus
1076 4086 1107 4150 d.
1124 4104 1213 4152 comes
