2716 4784
586 352 762 456 ..⁸17⁶-

138 510 278 587 febroarii,
294 510 441 573 continens
453 510 574 592 homagii
588 510 785 593 prestationem
797 510 901 575 iactam
923 528 976 593 per
986 509 1165 573 Guillelmum
1182 509 1210 573 de

139 613 258 673 serrone
275 607 377 671 Montis
398 606 503 689 Lupelli
517 606 595 669 dom⁰
610 606 742 689 dalphino
755 620 784 670 et
795 607 946 671 terminum
970 606 1210 690 assiguacionisti

137 704 394 787 recognoscendum
407 704 477 767 infra
491 718 598 767 certum
613 718 723 786 tempus
735 704 790 785 jam
804 704 925 786 lapsum.

182 820 267 865 tooo.
284 809 363 879 item,
378 801 466 884 quod.
480 802 692 866 instrumentum
709 801 787 884 publ.
801 802 963 867 conlectum
984 822 1078 866 manu
1095 802 1210 886 llymonis

138 897 174 960 de
184 899 316 962 Tomafol
331 899 430 961 notarii
446 898 523 981 publ.
546 899 599 962 sub
622 919 696 963 anno
723 900 777 963 uti
800 906 1051 977 luteumve,
1068 899 1162 963 indict.
1176 916 1208 975 n,

138 1013 226 1059 nonas
250 996 384 1073 octobris,
411 998 556 1060 continens
588 997 694 1079 quand.
722 998 901 1061 concordiam
924 998 1035 1062 factam
1059 997 1133 1091 inter
1146 996 1208 1059 dom.

138 1091 267 1157 abbatem
282 1094 459 1157 Ambroniaci
475 1107 503 1156 et
518 1093 578 1173 ejus
592 1108 772 1171 conventum,
788 1114 824 1157 ex
837 1114 891 1158 una
908 1108 1004 1176 parte,
1022 1108 1054 1157 et
1065 1093 1132 1156 illeu
1146 1093 1209 1156 dou.

140 1191 323 1254 Humbertum
338 1191 466 1254 dominus
485 1190 521 1253 de
535 1197 624 1254 Turre
650 1205 679 1255 et
701 1191 736 1255 de
753 1192 936 1274 cologniaco,
961 1213 1001 1256 ex
1022 1190 1125 1269 altera,
1138 1210 1208 1274 super

137 1286 322 1366 juridictione,
341 1288 450 1364 bannis,
473 1287 586 1369 guardis
609 1302 638 1351 et
653 1288 778 1371 pluribus
790 1289 850 1353 aliis
862 1288 1076 1371 pertinentibus
1087 1289 1210 1353 dictodo-

138 1384 213 1445 mino
224 1383 259 1447 de
271 1392 359 1447 Turre
376 1385 403 1447 in
419 1398 510 1449 castro
531 1384 718 1449 Ambroniaci.

184 1481 465 1562 root.1tem,quod.
487 1481 699 1547 instrumentum
716 1481 793 1563 publ.
816 1481 951 1563 scriptum
974 1502 1066 1545 manu
1095 1480 1210 1545 Bosoncti

141 1576 273 1639 Bemardi
289 1577 388 1640 notarii
404 1576 482 1658 publ.
501 1578 552 1640 sub
565 1597 638 1641 anno
660 1576 713 1641 uni
736 1584 1006 1656 M⁰CCC·XXX1X⁰‚
1041 1579 1089 1643 die
1115 1577 1210 1642 sabbati

139 1675 225 1740 videl.
238 1691 318 1739 xnusa
330 1676 432 1739 mensis
441 1675 518 1754 junii,
534 1676 680 1738 continens
693 1674 768 1757 quod
784 1675 860 1738 dom.
881 1674 1060 1739 Humbertus
1070 1677 1106 1739 de
1119 1684 1211 1759 nmay·

143 1771 213 1834 sinio
235 1771 324 1846 miles,
348 1771 504 1852 Stephanus
524 1771 559 1834 de
577 1770 727 1854 Amaysino
743 1771 917 1848 domicellus,
939 1772 1038 1854 Guigo
1063 1772 1212 1837 Carumde

141 1874 316 1950 Torgennas,
330 1875 508 1949 laquemetus
522 1868 557 1931 de
563 1869 725 1952 Amaysino,
737 1870 877 1931 lohannes
890 1869 925 1931 de
937 1869 1051 1948 Balma,
1070 1878 1212 1935 Peronetut

142 1972 279 2043 Putreux,
301 1966 418 2029 Guiotus
445 1971 582 2047 Pogrens‚
616 1965 785 2029 Humbertus
804 1973 887 2043 Cara,
906 1968 1055 2031 lohannes
1076 1968 1112 2031 de
1133 1967 1212 2030 insula

141 2062 244 2138 senior,
260 2062 400 2124 lohannes
421 2062 522 2141 junior,
548 2062 709 2126 Guillelmus
724 2070 861 2145 Pogrens‚
879 2064 1037 2127 Henrricus
1052 2065 1090 2128 de
1107 2063 1210 2149 Quiriti,

141 2157 310 2219 Humbertus
324 2158 360 2221 de
375 2158 504 2235 Briordo,
524 2159 704 2222 lohannonus
722 2160 874 2237 d'Andero,
902 2167 1070 2243 Rostagnus
1091 2168 1174 2225 Caras
1188 2172 1212 2223 et

142 2254 307 2336 Hugoninus
322 2253 357 2317 de
373 2263 511 2332 tommo,
526 2256 651 2319 Andreas
664 2256 700 2320 de
715 2258 826 2341 Mayrei
836 2258 958 2323 confessi
971 2259 1092 2323 luerunt
1110 2280 1140 2323 se
1158 2277 1220 2322 esse·

141 2351 267 2416 bomines
283 2351 363 2434 ligius
379 2352 482 2415 domini
491 2353 578 2417 nostri
592 2353 725 2435 dalphini.

183 2468 267 2513 root.
286 2458 365 2526 ltem,
381 2451 467 2533 quod.
479 2451 690 2515 instrumentum
704 2466 846 2534 receptum
856 2472 939 2516 manu
949 2455 1089 2519 Bosoneti
1100 2462 1211 2519 seruu-

140 2549 167 2612 di
181 2549 281 2612 notarii
306 2549 383 2631 publ.
414 2549 465 2612 sub
487 2570 560 2612 anno
587 2550 640 2613 Dr'ri
671 2540 936 2627 M⁰CCC⁰XXXIX⁰,
956 2552 1045 2616 videl.
1070 2554 1117 2616 die
1141 2563 1211 2617 xxv1¹

55 2685 62 2701 ι
139 2647 241 2710 mensis
253 2648 331 2727 junii,
347 2647 492 2709 continens
510 2647 585 2727 quod
598 2656 776 2729 laquemetus
795 2649 830 2713 de
845 2656 948 2712 Sancto
964 2651 1132 2726 Laurentio,
1148 2656 1212 2711 Ros-

139 2757 214 2806 setus
229 2744 264 2806 de
280 2745 411 2820 Albrella,
431 2744 574 2825 Philippus
590 2744 625 2807 de
649 2745 778 2823 Briordo,
797 2746 933 2810 Henricus
950 2746 987 2810 de
1005 2748 1091 2824 Eriis,
1111 2743 1212 2809 Guillel·

139 2860 200 2902 mus
210 2841 246 2902 de
261 2842 396 2917 Chimres‚
411 2841 550 2902 lohannes
565 2839 680 2908 Pelleni,
690 2841 875 2905 et'sottredus
889 2842 925 2905 de
940 2842 1087 2928 Qiriaco,
1111 2841 1212 2905 habita·

138 2950 214 2999 tores
228 2938 413 3000 mandamenti
428 2938 521 3000 Sancti
544 2936 654 3000 Andree
675 2938 711 3002 de
726 2940 855 3018 Briordo,
883 2938 1094 3004 confitebantur
1112 2958 1144 3003 se
1158 2954 1212 3000 esse

140 3033 265 3096 homines
280 3035 359 3116 ligius
374 3034 439 3097 dicti
453 3035 529 3096 dom.
545 3034 678 3116 dalphini.

184 3148 268 3210 1003.
284 3139 364 3211 Item,
380 3134 465 3214 quod.
485 3133 695 3195 instrumentum
710 3133 753 3214 (ut
766 3131 850 3215 889),
864 3132 964 3195 diev1²
982 3133 1090 3196 mensis
1111 3129 1211 3205 marcii,

140 3227 285 3291 continens
303 3229 461 3311 homagium
474 3229 568 3310 ligium
582 3230 684 3291 factum
699 3248 749 3310 per
762 3230 839 3293 dom.
855 3229 1085 3293 Bartholomeum
1097 3229 1134 3293 de
1147 3235 1209 3291 Bor·

139 3345 187 3389 seo
203 3325 315 3388 militem
332 3326 410 3388 dom⁰
425 3326 579 3389 Humberto
594 3325 724 3407 dalphino
738 3326 898 3389 Viennensi.

184 3442 268 3504 1004.
284 3431 364 3499 Item,
379 3423 465 3506 quod.
479 3424 597 3486 vidimus
611 3423 780 3505 publicatum
795 3424 864 3488 etin
878 3424 996 3486 formam
1013 3423 1095 3504 publ.
1123 3422 1210 3487 redac-

139 3531 197 3581 tum
226 3539 320 3582 coram
344 3519 422 3582 dom⁰
451 3519 562 3583 officiali
588 3520 809 3602 Gracionopolis,
835 3520 896 3582 sub·
915 3539 990 3582 anno
1014 3520 1072 3581 Drii
1093 3523 1210 3582 M⁰CCC⁰

139 3623 253 3694 XXX10,
274 3616 370 3681 indict.
403 3630 488 3693 xttttt,
512 3617 556 3679 die
569 3629 620 3680 vua
636 3618 738 3680 mensis
759 3616 853 3694 madii,
875 3616 1024 3696 sigillatum
1038 3615 1069 3679 in
1089 3611 1209 3697 pendenti

138 3715 228 3796 sigillo
243 3714 404 3777 officialatus
418 3714 638 3795 Gracionopolis,
655 3715 787 3796 scriptum
801 3734 884 3778 manu
900 3713 976 3776 Petri
987 3713 1023 3775 de
1038 3719 1127 3776 Portu
1140 3724 1208 3774 nota·

138 3812 171 3874 rii
195 3812 271 3893 publ.
298 3812 427 3890 condam,
446 3826 564 3894 tangens
584 3814 674 3894 ipsum
694 3812 906 3876 instrumentum
929 3810 1123 3894 baylliviatum
1144 3823 1206 3872 terre

139 3908 245 3986 Turris,
261 3910 400 3972 Viennesii
423 3925 451 3973 et
475 3910 652 3973 baroniarum
671 3909 772 3971 Montis
784 3908 881 3970 Albani
896 3921 924 3970 et
944 3908 1135 3984 Medullionis,
1149 3922 1205 3969 con

138 4004 229 4069 tinens
243 4007 317 4088 quod
328 4008 466 4070 lohannes
481 4007 609 4070 dominus
627 4007 729 4070 Montis
742 4005 847 4087 Lupelli
861 4004 981 4068 condam
1004 4005 1133 4087 quittavit
1151 3999 1203 4066 cas·

138 4116 210 4165 trum
225 4103 261 4166 de
276 4103 411 4167 Miribello
426 4104 544 4168 condam
569 4104 648 4165 dom⁰
663 4117 759 4167 nostro
784 4102 959 4183 dalpbino'et
981 4102 1076 4166 eidem
1100 4095 1202 4165 Johauti
