2716 4784
583 381 761 445 -2,4..

138 495 273 579 quidquid
286 496 316 557 in
329 495 525 583 mantiamento
547 492 641 556 Sancti
649 493 783 556 iohannis
789 491 825 556 de
839 498 966 576 Bornay.
981 525 1020 542 —-
1034 508 1121 573 ¹²09·
1135 499 1201 570 item,

136 600 222 656 XLVI
244 592 376 673 scriptum
390 608 436 653 an.
452 604 481 653 et
492 590 551 653 ind.
566 589 666 671 quibus
679 607 867 676 supraprox„
884 607 918 650 vo
942 587 1063 650 kalend.
1089 588 1206 668 januarii,

136 689 281 752 continens
297 687 454 769 homagium
467 686 560 768 ligium
574 686 718 767 prestitum
727 704 778 767 per
790 685 867 748 dom.
883 684 1065 748 Guilieimum
1079 683 1116 748 de
1126 690 1211 768 Maya·

136 784 241 849 siniaco
253 784 365 853 militem
377 783 490 846 domino
505 783 541 845 de
551 789 640 845 Turre
651 782 738 862 spini.
755 816 795 831 -
809 798 893 844 raro.
914 789 997 859 Item,
1013 788 1118 845 xuvu
1135 782 1212 862 scrip

136 898 194 946 tum
207 893 235 944 ut
248 900 343 962 supra,
354 889 409 942 uu⁰
420 880 482 942 idus
496 879 621 958 ianuarii,
638 880 782 942 continens
795 878 955 960 homagium
966 879 1067 960 ligium
1077 881 1212 962 prestitum

137 998 187 1062 per
200 977 351 1040 soffredum
378 976 508 1059 Lyatardi
527 974 714 1053 domicellum,
737 975 821 1038 filium
839 976 959 1039 condam
983 975 1064 1038 doru¹
1088 976 1213 1058 Guigonis

138 1074 268 1158 Lyatardi
282 1073 384 1150 militis,
403 1072 481 1134 dom⁰
506 1072 617 1152 Hugoni
643 1072 679 1134 de
702 1079 802 1149 Turre,
819 1072 932 1134 domino
950 1071 1018 1135 dicti
1035 1073 1106 1149 loci,
1123 1090 1212 1136 senee-

137 1171 208 1234 cailo
226 1169 415 1250 lugdunensi,
435 1183 463 1231 et
485 1169 521 1231 ab
535 1169 634 1231 eodem
655 1169 818 1250 recognovit
836 1170 911 1231 idem
933 1169 991 1231 sor.
1015 1188 1050 1232 se
1077 1171 1213 1233 tenerein

136 1267 248 1331 feudum
264 1266 399 1347 quidquid
412 1265 496 1328 habet
511 1265 539 1328 in
558 1265 703 1347 parrochia
716 1264 752 1328 de
767 1264 891 1327 Solomei
905 1282 997 1346 prope
1011 1263 1179 1327 Crimiacum
1190 1280 1214 1328 et

137 1362 295 1443 confess(us
310 1362 378 1444 f)uit
389 1362 532 1425 redebere
546 1362 621 1425 dicto
630 1363 743 1425 domino
750 1362 786 1424 de
796 1369 885 1424 Turre
894 1360 1005 1443 sepcies
1012 1359 1117 1442 viginti
1126 1359 1211 1435 libras,

137 1479 188 1542 pro
202 1457 301 1540 quibus
314 1458 366 1520 sibi
382 1458 515 1539 obligavit
529 1459 617 1521 dictas
629 1477 674 1522 res
689 1458 847 1540 recognitas
864 1469 885 1519 ¹.

182 1572 266 1616 1211.
297 1562 376 1632 item,
400 1562 514 1617 XLVII!
532 1556 743 1618 instrumentum
765 1568 795 1617 et
821 1554 944 1616 ultimum
972 1552 1099 1634 predict.
1124 1558 1214 1614 xtvur⁰

137 1653 354 1733 scriptumanno
372 1652 426 1714 Dni
442 1655 690 1728 M0110LXXV111·,
706 1652 803 1714 indict.
827 1670 866 1728 vr,
890 1650 936 1713 die
958 1650 1078 1714 veneris
1102 1650 1214 1713 infesto

136 1748 224 1811 sancu
251 1747 362 1810 Martini
389 1748 534 1830 yhemalis,
556 1748 700 1810 continens
711 1747 870 1829 homagium
888 1747 1036 1829 prestitum
1052 1766 1106 1828 per
1118 1749 1215 1811 soffre-

137 1845 202 1908 dum
218 1845 254 1907 de
266 1844 384 1906 Briordo
398 1844 573 1906 domicellum
588 1844 666 1906 dom·
682 1845 836 1907 Humberto
852 1843 966 1906 domino
975 1843 1014 1905 de
1029 1850 1125 1906 Turre
1137 1857 1166 1906 et
1176 1863 1214 1906 re

137 1941 270 2022 cognovit
281 1941 317 2004 ab
333 1941 432 2004 eodem
451 1955 548 2004 tenere
569 1941 597 2004 in
617 1941 729 2004 feudum
751 1947 858 2022 partem
878 1960 956 2002 suam
979 1959 1067 2022 quom
1087 1941 1171 2004 habet
1188 1941 1213 2002 in

137 2051 229 2100 castro
244 2038 336 2099 Sancti
349 2038 458 2101 Andree
471 2039 507 2100 de
521 2036 640 2100 Briordo
658 2051 687 2100 et
701 2039 813 2100 domum
829 2057 907 2099 suam
923 2037 1020 2099 Sancti
1050 2037 1161 2118 Legerii
1189 2051 1215 2099 et

138 2133 271 2216 quidquid
287 2133 371 2196 habet
390 2135 463 2215 apud
486 2141 616 2198 Sanctum
645 2135 791 2216 Lagerium
820 2149 850 2197 et
872 2133 1009 2216 quidquid
1039 2134 1129 2199 habet
1146 2134 1212 2215 apud

139 2228 323 2312 Montaygnei
328 2242 356 2291 et
365 2249 461 2293 omnes
471 2231 661 2312 possessiones
674 2251 744 2313 quas
752 2244 829 2294 tenet
842 2231 870 2293 in
883 2230 955 2292 valle
970 2229 1009 2292 de
1021 2230 1130 2309 Briort,
1151 2231 1212 2293 item

138 2324 271 2408 quidquid
284 2338 361 2388 tenet
377 2327 405 2387 in
425 2326 582 2406 juriditione
595 2341 624 2390 et
641 2327 701 2390 aliis
723 2327 753 2390 in
774 2327 969 2389 mandamento
987 2328 1088 2391 Sancti
1111 2328 1210 2390 Andree

139 2423 174 2486 de
187 2423 280 2485 Briort
292 2435 321 2486 et
333 2422 466 2503 quidquid
482 2424 566 2486 habet
577 2444 594 2486 a
607 2442 696 2505 ruppe
711 2424 864 2507 lnymontis
872 2423 941 2486 citra
954 2442 1060 2487 versus
1070 2425 1209 2505 'Rodanum

138 2533 221 2602 prout
229 2519 325 2601 inipso
339 2519 436 2582 ultimo
450 2520 541 2583 iustrto
554 2520 662 2601 plenius
673 2521 838 2584 continetur.

182 2731 267 2776 1212.
282 2720 362 2790 item,
381 2713 468 2793 quod.
482 2713 519 2774 ai.
541 2713 752 2776 instrumentum
772 2714 850 2795 publ.
867 2713 1001 2796 scripturn
1018 2733 1106 2777 manu
1119 2715 1209 2777 Johau

137 2812 180 2874 nis
189 2811 226 2873 de
238 2809 400 2892 Argenteria
416 2809 533 2872 senioris
546 2811 647 2873 notarii
655 2811 733 2892 publ.
746 2812 797 2874 sub
807 2830 880 2875 anno
892 2812 946 2874 Diri
957 2819 1207 2886 M0ccc⁰xxx11⁰‚

137 2905 222 2968 indic.
237 2918 298 2982 xv2,
311 2905 356 2968 die
367 2918 428 2967 x1x⁸
440 2906 541 2969 mensis
552 2907 693 2986 febroarii,
709 2907 854 2971 continens
863 2908 1091 2989 inquisicionem,
1105 2923 1209 2972 senten·

137 3002 208 3064 ciam
225 3014 254 3064 et
267 3001 552 3082 condempnacionem
570 3003 657 3066 iactas
679 3019 777 3068 contra
801 3007 954 3068 iohannem
981 3008 1152 3089 Raymondi,
1166 3023 1209 3087 per

136 3097 214 3160 dom.
230 3098 423 3181 Raymondum
434 3104 528 3172 Enoc,
543 3100 732 3163 comissarium
744 3102 772 3164 in
783 3102 1016 3185 Graysivoudano
1029 3117 1059 3166 et
1068 3103 1206 3168 Viennesio

138 3207 235 3257 contra
244 3214 434 3277 quoscumque
448 3195 579 3260 officiales
588 3197 723 3260 dictarum
737 3199 942 3282 baylliviarum.

181 3308 266 3372 1213.
279 3298 363 3369 item,
382 3293 593 3358 instrumentum
605 3295 708 3358 factum
731 3297 961 3384 manu-iohannis
976 3296 1014 3360 de
1038 3304 1135 3376 Petra,
1163 3297 1207 3359 sub

138 3407 211 3451 anno
229 3389 283 3451 Diri
300 3396 558 3468 M⁰CCC⁰XX11110,
579 3392 728 3455 continens
743 3393 882 3474 homagia,
893 3393 1209 3476 recognitionesetcon·

137 3487 288 3551 venciones
300 3487 373 3549 facte
386 3487 464 3549 dom⁰
478 3488 599 3569 Guigoni
613 3489 743 3570 dalphino
759 3508 810 3571 per
824 3489 965 3552 dominum
979 3488 1155 3555 vassalliaci.
1234 3502 1237 3506 ⁴

183 3601 267 3662 ¹²¹4·
294 3585 373 3659 item,
397 3582 453 3645 duo
482 3585 560 3665 publ.
586 3585 768 3649 instrumenta
782 3586 862 3648 simul
884 3586 986 3667 plicata
1013 3589 1143 3652 coniecta
1165 3607 1207 3670 per

138 3681 291 3744 iohannem
305 3679 341 3742 de
356 3686 449 3758 Petra,
473 3682 527 3745 sub
549 3702 623 3744 anno
639 3683 694 3745 Diri
712 3689 952 3760 ur⁰ccc⁰xx111⁰‚
967 3685 1146 3749 continencia
1161 3686 1206 3746 ho-

138 3777 229 3857 magia
238 3791 267 3840 et
282 3777 490 3862 recogniciones
502 3778 577 3842 dom¹
595 3780 722 3863 Hugonis
730 3780 767 3841 de
778 3779 921 3856 Gebenna,
936 3780 975 3844 de
987 3794 1065 3844 terra
1081 3780 1204 3846 Anthonis

139 3872 214 3935 etde
229 3880 331 3957 varey.

179 4091 201 4130 r.
216 4072 255 4129 En
269 4091 301 4132 m.
316 4073 416 4133 sciatur
429 4076 471 4151 qui
486 4085 553 4134 tenet
565 4085 592 4134 et
605 4076 625 4134 si
635 4075 787 4152 recognovit.
