2716 4784
593 428 770 491 ,253-

137 561 233 604 eorum
245 541 383 616 districtu,
399 539 476 603 salvo
490 541 549 618 jure
564 554 592 604 et
618 540 740 603 dominio
764 540 830 603 dicti
854 540 930 604 dom.
958 543 1109 624 Dragoneti
1130 563 1216 625 aquo

137 639 262 720 predicta
276 650 408 701 tenentur
430 637 458 699 in
474 637 604 701 leudum:
621 653 752 720 rogantes
765 639 855 719 ipsum
872 638 948 701 dom.
970 647 1165 727 Dragonetum
1188 636 1218 704 ut

137 736 205 800 dict.
218 735 375 797 'Giraudum
389 735 505 799 deberet
515 735 657 819 investire,
674 736 749 817 quod
764 735 816 798 hec
839 735 922 814 iecit;
940 749 968 798 et
995 736 1062 810 dict.
1080 737 1218 801 Giraudus

136 834 283 897 confessus
296 833 347 896 luit
359 847 386 896 et
397 834 562 916 recognovit
575 834 700 917 predicta
714 846 810 897 tenere
834 855 850 896 a
869 833 944 897 dicto
964 834 1040 898 dom.
1057 844 1218 919 Dragoneto

135 931 166 994 in
176 931 290 993 seudum
300 932 425 994 francum
435 945 463 995 et
476 932 528 994 sub
541 931 600 1012 ejus
613 931 748 1009 dominio,
766 944 794 995 et
803 931 869 995 inde
878 930 930 994 sibi
944 932 1010 996 lecit
1022 933 1180 1016 homagium
1191 947 1219 998 et

135 1026 277 1091 fidelitatis
291 1042 506 1091 sacramentum.

183 1133 363 1205 1443.nem‚
382 1126 468 1208 quod.
480 1127 517 1188 al.
537 1124 615 1207 publ.
631 1125 842 1188 instrumentum
857 1126 1014 1188 conlectum
1032 1138 1061 1188 et
1080 1113 1218 1209 signatum

135 1241 221 1283 manu
232 1223 369 1284 Guillelmi
393 1223 557 1309 audegandi
571 1223 670 1286 notarii
684 1223 762 1304 publ.
781 1221 833 1284 sub
851 1243 925 1285 anno
947 1229 1217 1301 M0CC0LXXV1110,

135 1317 184 1380 die
199 1319 263 1381 lune
273 1333 337 1383 ante
347 1321 447 1384 festum
462 1321 489 1383 b¹'
505 1321 656 1396 Laurentii,
672 1320 818 1384 continens
831 1321 860 1384 in
871 1321 970 1385 effectu
987 1323 1062 1405 quod
1081 1322 1128 1386 diri
1147 1309 1230 1408 Bon-y

136 1416 220 1498 (tius)
234 1417 269 1479 de
285 1425 388 1481 Sancto
401 1417 492 1497 lusto,
510 1421 684 1498 Bettrandus
694 1419 729 1482 de
759 1426 860 1482 Sancto
874 1426 1005 1503 pastore,
1025 1420 1170 1504 nomios)
1183 1421 1220 1484 de

137 1515 324 1591 Bellomonte‚
342 1517 483 1580 Cibaudus
496 1519 629 1582 armandi
650 1519 686 1581 de
706 1518 872 1595 mirmanda,
883 1519 1065 1582 adhemarius
1080 1519 1116 1582 de
1134 1527 1218 1582 Petra

137 1618 227 1693 Lapta
244 1627 272 1676 et
292 1614 436 1698 Pon(tius)
452 1615 622 1692 Cornilliaui,
639 1599 743 1678 domini
760 1621 843 1677 Petre
861 1621 951 1689 Larte,
973 1615 1092 1677 confessi
1108 1615 1220 1678 fuerunt

136 1728 172 1770 ac
186 1725 411 1791 recognoverunt
422 1712 507 1774 nobili
519 1713 579 1774 viro
597 1712 673 1774 dom.
688 1711 853 1794 Raymundo
864 1711 988 1773 Gauhidi
1000 1712 1035 1774 de
1051 1703 1217 1790 castellana,

135 1806 251 1869 domino
275 1809 376 1871 Montis
393 1809 502 1886 Albani,
526 1830 556 1872 se
579 1824 675 1873 tenere
701 1822 730 1871 et
752 1808 966 1889 predecessores
980 1828 1047 1871 suos
1065 1802 1219 1892 tenuissea
1271 1826 1279 1839 ·

135 1903 213 1966 dicto
225 1904 338 1966 domino
351 1906 454 1968 Montis
464 1905 572 2000 Albani,
589 1906 700 1969 nomine
711 1905 897 1968 nobilisdom⁰
912 1906 1048 1969 Randone
1055 1906 1149 1969 uxoris
1156 1925 1217 1984 sue,

135 1999 191 2063 lilie
202 2001 274 2063 dom¹
288 1989 552 2085 Dragonetidomini
566 2004 667 2067 Montis
677 2002 776 2066 Albani
786 2003 936 2080 condam,
928 2023 956 2065 m
967 2003 1081 2065 feudum
1095 2004 1219 2067 francum

137 2112 166 2162 et
175 2101 341 2163 honoratum
356 2114 482 2183 quartam
498 2116 604 2183 partem
619 2101 710 2165 tocius
721 2101 805 2165 castri
819 2116 847 2165 et
856 2100 982 2164 fortalicii
995 2101 1176 2188 Petrelapte‚
1179 2114 1221 2165 te·

135 2197 259 2260 nementi
273 2211 302 2260 et
315 2198 446 2261 territorii
468 2199 592 2278 ejusdem
614 2218 665 2281 pro
680 2199 799 2262 indiviso
814 2196 1068 2282 quantumcumque
1081 2219 1111 2262 se
1125 2210 1222 2262 exten-
1304 2262 1308 2269 ,

136 2295 223 2358 dant·
217 2316 292 2377 ‚pro
308 2316 362 2378 qua
376 2311 474 2379 quarta
489 2310 569 2378 parte
583 2317 680 2360 omnes
694 2297 774 2361 simul
784 2297 901 2379 predicti
918 2297 1021 2360 domini
1037 2305 1120 2362 Petne
1134 2307 1221 2380 Lapte

139 2406 168 2455 et
179 2393 297 2475 quilibet
311 2414 407 2455 eorum
423 2415 512 2476 perse
523 2395 649 2458 lecerunt
661 2395 729 2457 dict.
739 2395 963 2476 recognicionem
973 2415 1035 2458 cum
1046 2410 1220 2462 sacramento
1330 2474 1337 2485 ν

135 2482 286 2566 fidelitatis,
305 2505 332 2553 et
340 2505 565 2572 recognoverunt
576 2493 668 2555 lacere
682 2506 710 2554 et
723 2492 815 2554 lacere
827 2491 942 2577 debere
954 2493 1157 2574 imperpetuum
1174 2510 1221 2553 oc-

136 2588 250 2650 casione
263 2587 329 2650 dicti
345 2588 420 2651 leudi
435 2589 559 2671 quolibet
580 2610 653 2652 anno
671 2610 687 2651 a
710 2590 781 2652 lesto
795 2588 939 2652 Paschatis
956 2609 1044 2672 usque
1064 2589 1100 2652 ad
1119 2589 1219 2653 festum

136 2685 163 2747 b¹
191 2686 333 2765 Michaelis
349 2688 434 2749 unum
463 2687 603 2770 albergam
620 2687 655 2749 de
681 2707 737 2749 xxv
758 2687 944 2768 equitantibus
970 2706 1033 2749 cum
1059 2686 1221 2769 equitaturis

137 2794 166 2845 et
190 2783 225 2844 de
251 2783 326 2846 dicto
342 2784 413 2847 festo
426 2784 453 2846 b'
469 2784 610 2847 Michaelis
631 2804 719 2866 usque
746 2784 781 2846 ad
799 2784 908 2847 Pascha
925 2784 1007 2846 alium
1024 2784 1169 2872 albergum
1185 2783 1221 2846 de

110 2923 112 2927 ι
137 2880 198 2942 aliis
222 2899 278 2942 xxv
304 2881 490 2963 equitantibus
504 2901 567 2944 cum
586 2880 772 2964 equitaturis:
803 2881 855 2943 sub
885 2881 937 2944 hac
955 2881 1115 2945 conditione
1145 2879 1221 2963 quod

137 2977 190 3040 nisi
221 2978 287 3043 dict.
309 2979 437 3043 dominus
459 2981 562 3043 Montis
587 2979 686 3043 Albani
710 2979 778 3041 dict.
803 2978 947 3061 albergum
978 2979 1116 3061 reciperet
1150 2979 1222 3042 infra

138 3075 213 3138 dicta
237 3090 374 3159 tempora,
411 3079 486 3161 quod
524 3067 560 3140 ad
599 3079 689 3161 ipsum
715 3076 859 3159 albergum
890 3097 947 3140 non
977 3092 1120 3160 receptum
1156 3077 1221 3141 dicti

137 3173 242 3236 domini
259 3174 287 3238 in
316 3189 443 3257 tempore
470 3175 629 3239 successivo
656 3175 765 3239 solvere
789 3194 845 3237 non
861 3187 1019 3251 teneantur,
1037 3176 1089 3238 nisi
1120 3174 1223 3238 solum·

138 3270 223 3332 modo
256 3272 379 3337 debitum
408 3273 551 3354 albergum
576 3273 729 3337 secundum
752 3285 880 3382 tempora
907 3273 1036 3384 superius
1059 3272 1219 3336 declarata·
1211 3319 1220 3350 ,

138 3379 170 3429 et
181 3367 270 3431 eidem
291 3370 383 3432 iacere
399 3372 596 3453 promiserunt,
612 3391 644 3434 ac
658 3371 745 3435 eciam
761 3369 985 3452 recognicionem
1012 3370 1040 3432 in
1064 3369 1222 3433 mutacione

137 3465 243 3528 domini
259 3479 286 3528 et
299 3467 420 3553 vassalli

187 3547 466 3647 1444.1tem‚.quod
486 3565 522 3627 al.
535 3559 634 3646 publ'
627 3575 839 3627 instrumentum
854 3563 1011 3627 conlectum
1036 3577 1064 3627 et
1083 3563 1221 3647 signatum

138 3682 222 3725 manu
240 3668 312 3725 Pon.
329 3663 364 3726 de
380 3664 461 3724 Salva
475 3660 552 3744 publ.
570 3661 681 3738 notarii,
701 3660 753 3722 sub
768 3680 842 3722 amru
863 3660 917 3722 Diri
933 3666 1147 3737 m⁰cc⁰xc111⁰‚
1178 3666 1221 3722 ιιιο

137 3759 252 3821 kalend.
268 3759 337 3838 julii,
356 3759 501 3822 continens
517 3757 923 3841 quodamedeusde-nosanis
935 3771 963 3821 et
976 3764 1076 3821 Petrus
1092 3758 1222 3842 Reynerii

137 3875 201 3919 cum
224 3877 325 3938 magna
347 3858 482 3923 comitura
497 3854 624 3938 gencium
641 3873 793 3929 armorum,
806 3853 927 3936 equitum
944 3868 972 3917 et
987 3854 1123 3936 peditum,
1140 3853 1222 3917 obse*

137 3953 238 4016 derant
254 3967 374 4038 castrum
389 3968 417 4017 et
431 3953 523 4017 v'illam
537 3954 607 4017 Ville
622 3953 682 4016 Dei'
694 3964 722 4015 et
736 3952 764 4015 in
778 3944 885 4015 tantum
900 3965 1129 4034 expugnaverant
1145 3951 1221 4035 quod

137 4050 257 4132 amplius
271 4051 442 4113 municiones
458 4049 594 4113 dictorum
617 4048 699 4112 castri
721 4063 749 4111 et
768 4047 833 4110 ville
847 4067 877 4111 se
901 4050 998 4111 tenere
1012 4048 1068 4112 n'on
1080 4041 1220 4131 poterant,

137 4149 192 4211 nisi
207 4142 413 4230 supervenisset
427 4147 504 4211 dom.
520 4147 682 4212 Guillelmus
697 4147 875 4228 Transquerii
887 4147 976 4224 miles,
994 4147 1102 4228 bajulus
1115 4146 1143 4210 et
1153 4165 1222 4228 pro-
