2716 4784
175 547 207 589 21
221 548 244 607 ς.
263 535 342 604 ltem,
359 528 445 609 quod.
463 526 499 588 al.
511 528 727 589 instrumentum
741 527 783 607 (ut
797 528 934 608 praed),
956 527 1100 588 continens
1115 526 1215 586 homa-

134 626 211 706 gium
230 623 547 706 Franc<isci>·Taylliier
563 624 599 685 de
615 632 767 707 Moyrenco
781 638 809 685 et
822 625 968 685 terminum
987 625 1030 706 (ut
1043 624 1163 704 ibid)...

177 722 245 783 216.
267 728 345 796 Item,
368 722 455 802 quod.
477 721 689 784 instrumentum
716 719 818 783 lactum
841 741 922 783 manu
944 721 1040 783 Jacobi
1054 721 1213 794 Chaunerii,

135 819 188 879 sub
207 838 282 880 anno
308 819 361 879 Diri
386 816 657 893 Mrcertx'xxrrlt,
685 817 782 879 indict.
809 832 860 893 κν,
886 818 975 898 pridie
1003 819 1065 880 idus
1093 820 1213 898 augusti,

135 912 285 993 sigillatum
306 914 333 975 in
354 914 487 994 pendenti
510 914 605 995 sigillis
625 915 699 977 dom¹
723 915 845 996 dalphini
869 929 896 977 et
918 916 992 976 dom¹
1016 916 1216 996 archiepiscopi

101 1013 104 1018 ’
135 1010 311 1087 Viennensis,
350 1013 495 1074 continens
533 1013 762 1093 compromissum
795 1013 987 1074 tantummodo
1012 1013 1115 1074 factum
1145 1014 1217 1074 inter

134 1106 239 1169 dictum
255 1108 331 1169 dom.
347 1108 507 1190 dalphinum
523 1123 550 1171 et
567 1111 805 1191 archiepiscopum
829 1129 913 1191 super
933 1111 1016 1172 leudo
1031 1110 1067 1171 de
1084 1110 1216 1172 chalmen

136 1217 164 1266 et
179 1204 215 1265 de
230 1205 290 1267 Alta
306 1205 387 1287 Ripa.

177 1319 246 1378 217.
276 1309 354 1376 ltem,
380 1303 467 1383 quod.
493 1304 704 1365 instrumentum
731 1304 998 1365 coniectum'manu
1020 1303 1157 1365 Guillelmi
1181 1304 1217 1366 de

135 1396 232 1459 Alucio
246 1398 346 1459 notarii
362 1398 441 1478 publ.
460 1399 512 1461 sub
526 1419 600 1461 anno
616 1401 669 1461 Diri
688 1405 904 1473 muchium,
921 1400 1017 1462 indict.
1036 1413 1089 1476 νβ,
1103 1401 1215 1463 kalend.

135 1494 258 1574 augusti,
273 1494 420 1576 sigillatum
441 1497 469 1557 in
488 1496 620 1576 pendenti
636 1497 725 1559 tribus
741 1496 847 1578 sigillis,
873 1497 1017 1558 continens
1040 1497 1217 1558 donationem

136 1591 227 1653 Castri
243 1592 316 1653 Novi
332 1593 495 1655 Viennensis
507 1593 674 1674 factamper
686 1594 845 1676 Aynardum
868 1593 1009 1655 dominum
1033 1594 1121 1655 castri
1144 1591 1217 1654 Novi

135 1689 215 1750 dom⁰
229 1690 349 1770 Guigoni
364 1689 495 1771 dalphino
510 1691 641 1767 condam,
657 1705 685 1753 et
700 1691 917 1752 infeudationem
934 1692 1035 1752 iactam
1049 1709 1100 1771 per
1112 1691 1217 1752 dietum

136 1787 213 1848 dom.
236 1787 395 1867 dalphinum
415 1788 505 1849 eidem
525 1788 657 1871 Aynardo
680 1788 716 1849 de
739 1787 814 1849 dicto
837 1800 929 1849 castro
951 1801 979 1849 et
1000 1788 1217 1868 recognitionem

139 1883 266 1964 ejusdem
280 1885 380 1947 iactam
396 1904 446 1965 per
460 1886 563 1947 dictum
579 1886 655 1948 dom.
672 1886 832 1968 Aynardum
847 1885 922 1948 dicto
937 1886 1013 1946 dom.
1030 1886 1172 1966 dalphlno.

179 1982 248 2043 218.
267 1989 346 2057 item,
365 1983 451 2064 quod
469 1983 681 2046 instrumentum
698 1984 843 2046 continens
862 1984 1020 2064 homagium
1040 1985 1142 2046 factum
1168 2004 1219 2065 per

137 2078 261 2139 nobilem
278 2085 391 2140 Petrum
406 2078 442 2140 de
457 2079 548 2140 Insula
561 2079 597 2141 de
613 2080 748 2142 Scabeolo
767 2080 847 2141 dom⁰
868 2080 999 2160 dalphino
1024 2094 1051 2142 et
1070 2081 1217 2143 terminum

136 2176 334 2256 assignationis
348 2176 383 2237 ad
396 2196 561 2258 recognosc.
578 2179 632 2256 jam
645 2179 763 2259 lapsum,
779 2178 911 2259 scriptum
924 2198 1007 2240 manu
1024 2180 1068 2259 (ut
1081 2181 1153 2261 ²¹4)
1167 2192 1186 2240 ¹.

177 2292 247 2354 219.
267 2281 345 2350 item,
366 2273 452 2354 quod.
481 2274 692 2337 instrumentum
719 2276 821 2338 iactum
843 2295 925 2337 manu
949 2276 1032 2356 Guig.
1063 2276 1216 2351 Frumenti,

135 2370 188 2432 sub
201 2389 277 2432 anno
294 2371 347 2432 Diri
363 2376 643 2448 M⁰CCC⁰XXXVlll,
666 2371 762 2434 indict.
791 2386 843 2448 vra,
874 2372 918 2433 die
944 2386 974 2432 νἃ
995 2373 1096 2434 mensis
1120 2373 1215 2446 madii,

135 2466 284 2528 continens
300 2465 457 2548 homagium
474 2467 577 2529 iactum
593 2487 644 2548 per
663 2468 837 2530 Guillelmum
856 2468 958 2548 Chiper
978 2468 1115 2529 notarium
1139 2468 1218 2530 dom⁰

136 2566 280 2646 dalphino.
1142 2584 1145 2589 ’

179 2682 248 2724 220.
268 2669 346 2739 item,
361 2663 447 2742 quod.
462 2662 536 2724 aliud
551 2664 762 2750 instrumentum
779 2663 881 2725 iactum
896 2681 978 2723 manu
1002 2661 1103 2723 Humb¹
1125 2661 1216 2736 Pilati,

136 2782 212 2823 anno
229 2763 283 2823 Diti
302 2762 700 2838 mrcceoxxx1111⁰,indicr.
718 2776 761 2838 11²,
779 2763 823 2824 die
838 2777 881 2823 111⁸
894 2782 982 2824 mens.
1004 2762 1130 2841 januarii,
1147 2780 1219 2825 con-

136 2861 228 2922 tinens
246 2860 405 2942 homagium
429 2861 532 2922 iactum
559 2879 608 2941 per
622 2882 623 2887 ¹
636 2861 786 2922 Henricum
817 2860 987 2942 Berengarii,
1019 2860 1160 2923 dominum
1182 2862 1218 2924 de

140 2958 232 3019 Ponte
259 2958 286 3018 in
302 2957 441 3039 ‚Royanis,
465 2957 543 3018 dom⁰
566 2957 697 3038 dalphino
727 2970 755 3019 et
778 2957 995 3038 recognitionem
1017 2977 1067 3039 per
1090 2959 1217 3020 eumdem

136 3056 238 3117 iactam
257 3055 292 3116 de
307 3056 405 3117 castris
421 3054 588 3131 Rancurelli,
615 3054 833 3135 Gracionopolit.
850 3055 980 3130 diocesis,
998 3069 1026 3116 et
1047 3056 1083 3117 de
1108 3057 1218 3118 Castel-

136 3154 205 3229 lutz,
225 3153 333 3215 Diensis
353 3153 483 3227 diocesis,
505 3166 533 3214 et
557 3153 704 3215 terminum
731 3152 924 3233 assignationis
947 3152 981 3214 ad
1008 3152 1115 3232 plenius
1141 3171 1219 3214 reco-

136 3250 330 3330 gnoscendum
344 3249 414 3311 inira
424 3263 531 3312 certum
542 3262 663 3329 tempus.

180 3363 247 3406 221.
266 3352 344 3420 item',
359 3346 436 3427 quid.
453 3346 559 3408 rotulus
572 3346 701 3426 papireus
725 3345 870 3407 continens
892 3333 1084 3407 attestationes
1104 3343 1214 3411 testium

137 3441 339 3522 productorum
363 3462 447 3523 super
477 3441 709 3504 declarationibus
741 3442 927 3504 mandamenti
964 3441 1074 3522 Regalis
1102 3436 1214 3515 Montis,

137 3538 214 3619 quod
238 3537 343 3600 dudum
368 3540 522 3602 vocabatur
550 3538 697 3621 Planeysia
724 3538 836 3619 quando
859 3538 1007 3619 Templarii
1021 3537 1110 3618 ipsum
1124 3537 1215 3600 locum

136 3637 282 3712 tenebant,
300 3638 520 3718 scriptum-anno
532 3637 585 3698 Dr'ri
597 3641 847 3710 M⁰CC⁰LXXV11⁰,
860 3653 912 3711 vn,
921 3634 1034 3697 kalend.
1048 3634 1214 3698 decembris.

180 3752 248 3795 222.
268 3742 346 3810 item,
363 3733 448 3815 quod.
469 3734 680 3796 instrumentum
698 3731 854 3792 coniectum
879 3750 961 3793 manu
986 3731 1120 3794 Lantelmi
1138 3739 1218 3815 Roy-

135 3832 220 3893 bonis
233 3831 333 3893 notarii
346 3831 436 3911 publ,
453 3830 505 3892 sub
517 3849 590 3891 anno
608 3829 661 3890 nni
687 3833 944 3903 M⁰CCC⁰XXV11⁰,
965 3828 1062 3889 indict.
1088 3840 1152 3906 vir,
1172 3830 1216 3892 die

135 3938 218 3990 xxma
235 3927 337 3989 mensis
350 3926 492 4001 febroarii,
506 3925 651 3988 continens
666 3922 894 4003 compositionem
917 3924 1016 3986 iactam
1042 3925 1114 3987 inter
1136 3925 1213 3986 dom.

179 4148 201 4184 ι.
219 4128 258 4182 En
273 4145 305 4184 rn.
319 4130 340 4180 A
352 4127 435 4183 Castri
449 4127 524 4183 Novi.
