2716 4784
525 369 705 450 ..265-

71 534 111 546 —
129 519 182 581 ¹49
188 517 213 580 5.
229 507 308 576 Item,
325 498 412 581 quud.
427 499 640 563 instrumentum
653 499 785 580 scriptum
796 517 881 561 manu
894 499 960 562 dicti
971 498 1048 563 Petri
1064 498 1154 564 Peloti

71 596 125 660 sub
139 617 184 660 an.
209 596 264 658 Diri
280 602 500 676 M⁰11⁶Lxx1x⁰,
528 589 625 661 indict.
641 592 693 673 νἰι,
711 597 858 660 continens
875 592 1039 679 *homagium
1059 596 1153 679 ligium

70 694 217 775 prestitum
227 693 340 756 domino
352 693 511 775 Fucigniaci
526 714 577 776 per
591 702 756 756 Mermetum
776 693 897 756 Dardelli
908 708 935 757 et
945 694 1110 775 recognovit
1122 713 1153 758 se

69 805 167 856 tenere
180 814 196 855 a
213 793 327 855 domino
343 793 502 875 Fucigniaci
525 794 653 858 bastitam
681 793 718 856 de
743 801 825 856 Artas
838 807 866 858 et
882 794 1016 877 quidquid
1031 807 1109 858 tenet
1124 793 1153 857 in

69 889 134 952 villa
147 891 183 953 de
204 897 357 974 Bruyssen.

114 988 200 1068 1496.
217 996 296 1066 ltern,
314 989 402 1071 quod.
418 988 497 1071 publ.
518 989 731 1053 instrumentum
746 989 775 1050 in
789 988 931 1052 romancio
952 988 1085 1070 scriptum
1101 1008 1153 1071 per

68 1109 180 1151 manum
193 1088 324 1151 Peroneti
342 1095 433 1172 Nyrot
446 1089 545 1151 notarii
563 1089 640 1171 publ.
658 1102 686 1151 et
697 1087 884 1170 subscriptum
895 1108 978 1151 manu
993 1096 1153 1152 Arsernou·

67 1188 146 1251 dide
163 1187 290 1268 Hospitio
306 1201 333 1250 et
343 1187 419 1249 Petri
430 1187 523 1269 Ogerii
546 1188 581 1250 de
597 1187 686 1250 clusis
701 1199 729 1250 et
742 1187 874 1249 Peroneti
889 1186 925 1248 de
941 1193 1044 1249 Sancto
1059 1193 1154 1298 Nyco-

66 1284 114 1346 lao
124 1283 160 1345 de
174 1283 263 1345 Clusis
276 1285 446 1346 notariorum
461 1284 564 1365 public.
581 1284 633 1346 sub
650 1303 723 1346 anno
741 1283 794 1345 Dni
810 1290 962 1360 M0111⁶X0‚
975 1284 1151 1363 11³die1unii,

67 1380 148 1441 indit.
161 1398 210 1457 xv,
223 1379 367 1443 continens
380 1381 564 1443 donacionem
577 1395 605 1443 et
614 1394 831 1443 assetanrentum
842 1381 932 1443 factos
941 1400 992 1462 per
1002 1380 1063 1443 rllem
1073 1380 1151 1445 dorn

40 1478 97 1541 ¹d.
116 1484 262 1558 Hugonem
279 1479 419 1559 Dalpbini,
445 1478 586 1540 dominum
604 1477 773 1559 Fucigniaci,
798 1477 859 1539 viro
880 1477 966 1539 nobili
980 1449 1057 1540 dorn.
1073 1478 1154 1540 Guil·
1161 1488 1192 1500 ’·

66 1575 151 1636 lelmo
165 1575 201 1637 de
214 1576 331 1653 lanvile,
344 1575 457 1644 domino
470 1576 506 1638 de
520 1583 577 1652 las,
594 1576 629 1638 de
650 1578 703 1637 llle
719 1575 796 1637 libris
810 1576 974 1655 Gebennen.
992 1596 1094 1640 census
1111 1581 1150 1642 ei-

65 1671 130 1734 dem
145 1672 257 1734 domino
269 1673 304 1735 de
315 1681 362 1735 Jas
376 1674 447 1736 datis
457 1674 485 1735 in
502 1687 680 1754 augmentum
695 1672 769 1735 leudi
794 1687 823 1737 et
841 1674 961 1754 homagii
978 1674 1034 1754 ligii
1049 1676 1076 1737 in
1097 1698 1153 1759 quo

65 1769 156 1831 eidem
168 1770 235 1833 dict.
248 1770 376 1833 dominus
389 1772 478 1834 delas
491 1784 612 1847 tenetur,
629 1770 704 1852 quod
717 1784 932 1833 assetamentum
943 1771 1046 1834 facturn
1061 1774 1112 1837 luit
1124 1775 1153 1839 in
1228 1836 1231 1842 .

62 1868 134 1930 locis
148 1882 176 1930 et
192 1868 393 1931 mandamentis
408 1868 559 1950 designatis
573 1869 601 1930 in
616 1868 691 1930 dicto
706 1867 807 1945 instr‘0,
829 1868 880 1931 sub
892 1868 989 1930 formis
1009 1883 1037 1932 et
1051 1872 1152 1934 condi-

47 1965 188 2028 -tionibns
197 1965 224 2026 in
236 1965 302 2046 ipsis
314 1967 412 2029 instit·
426 1965 564 2029 contentis
578 1979 606 2028 et
617 1964 791 2046 spesifrcatis.

109 2081 193 2143 ¹497·
204 2072 283 2141 ltern,
293 2065 379 2146 quod.
392 2065 511 2128 vidimus
521 2066 653 2147 scriptum
669 2084 751 2127 manu
765 2065 940 2128 Asselmondi
954 2065 989 2128 de
1003 2066 1149 2148 Hospitio,

64 2161 251 2244 subscriptum
267 2176 295 2224 et
310 2162 449 2244 signatum
462 2162 590 2224 manibus
607 2161 698 2224 Roleti
711 2162 812 2250 Pugini
830 2177 858 2226 et
875 2162 951 2225 Petri
967 2162 1090 2225 Vauterii
1101 2184 1153 2228 no·

62 2260 197 2322 tariorum
220 2261 324 2342 public.
338 2262 391 2323 sub
406 2281 479 2323 anno
501 2262 554 2323 Diri
570 2267 794 2336 M⁰1110xxlx⁰,
811 2260 907 2322 xvdie
925 2259 1028 2322 mensis
1043 2261 1149 2338 marcii,
1203 2320 1207 2330 ,

63 2357 144 2436 cujus
159 2359 291 2440 originale
306 2358 430 2422 continet
443 2359 518 2441 quod
541 2358 619 2420 dom³
645 2367 742 2441 Lyona
756 2357 869 2419 domina
883 2357 980 2420 delas
994 2356 1152 2420 confiteba-

63 2468 111 2517 tur
125 2469 222 2518 tenere
237 2476 252 2517 a
267 2456 379 2518 domina
403 2455 563 2538 Fucigniaci
590 2468 711 2517 castrum
730 2455 766 2516 de
790 2454 928 2534 Prengins
956 2468 986 2517 et
1016 2454 1150 2536 quidquid

63 2554 149 2616 habet
164 2555 192 2615 in
206 2575 240 2616 eo
254 2575 270 2617 a
283 2568 361 2636 parte
372 2555 477 2616 ventris
491 2567 519 2616 et
532 2554 611 2633 plura
625 2553 677 2614 alia
693 2552 721 2615 in
742 2552 802 2633 ipso
824 2552 944 2614 vidimus
959 2553 1148 2615 continentur.

109 2652 192 2731 1498.
213 2660 293 2728 Item,
308 2651 394 2734 quod.
408 2651 485 2733 publ.
500 2651 712 2713 instrumentum
727 2650 884 2712 conlectum
897 2658 980 2712 manu
995 2651 1150 2734 Henrique-

60 2749 83 2810 ti
108 2750 231 2831 Sybaudi
255 2750 291 2812 de
312 2750 463 2826 Florentia,
483 2748 630 2830 sigillatum
645 2749 673 2810 in
692 2748 823 2828 pendenti
844 2761 964 2830 quatuor
980 2749 1075 2830 sigillis
1096 2750 1149 2812 sub

61 2865 137 2907 anno
154 2847 241 2909 Dr'rice
258 2855 367 2910 incarn.
381 2855 462 2910 ltl⁰11c
477 2856 605 2930 sextuag⁰
620 2853 699 2921 Vllo,
713 2845 811 2907 indict.
828 2859 870 2924 νᾶ,
883 2845 930 2909 die
940 2847 1050 2910 veneris
1060 2838 1149 2929 pridie

61 2964 138 3006 nona
150 2945 291 3023 febroarii,
307 2947 452 3009 continens
471 2945 546 3029 quod
562 2954 659 3029 Lyona
674 2944 786 3006 domina
814 2943 850 3007 de
877 2950 934 3023 las,
954 2945 989 3008 de
1010 2966 1148 3010 consensu

63 3041 141 3104 Petri
154 3041 264 3120 filiisui,
276 3043 383 3124 accepit
399 3045 427 3106 in
441 3044 554 3106 lendum
567 3065 583 3106 a
595 3030 673 3109 dorna
684 3041 841 3125 B(eatrice)
851 3042 957 3107 Vienne
967 3043 1024 3126 (et)
1034 3045 1148 3109 Albonis
1221 3064 1222 3068 ’

61 3138 202 3200 comitissa
215 3159 260 3201 res
269 3140 457 3222 infrascriptos
474 3156 502 3205 et
516 3142 614 3205 eadem
628 3139 793 3221 recognovit
803 3159 834 3202 se
848 3153 943 3202 tenere
960 3141 988 3202 in
1003 3141 1116 3205 feudum
1130 3166 1147 3207 a

62 3236 175 3298 domina
192 3236 351 3317 supradicta
374 3239 426 3300 sub
447 3239 576 3320 homagio
593 3238 670 3319 ligio,
689 3236 774 3299 videl.
791 3252 912 3300 castrum
927 3238 962 3300 de
980 3239 1146 3304 castellione

60 3333 97 3395 de
115 3333 242 3396 Michalia
259 3348 287 3397 et
310 3335 444 3418 quidquid
461 3337 544 3399 habet
557 3336 586 3399 in
609 3338 682 3416 ipso,
704 3335 769 3397 item
785 3348 905 3398 castrum
921 3336 956 3397 de
971 3337 1066 3414 Clusa,
1080 3357 1147 3401 cas-

59 3446 133 3493 trum
147 3432 182 3494 de
197 3433 319 3507 Pomier,
333 3434 398 3496 item
416 3434 528 3496 domurn
538 3433 620 3496 castri
631 3433 666 3495 de
681 3439 830 3514 Esporent,
847 3434 877 3496 it.
891 3433 1041 3496 dominium
1053 3454 1144 3498 return

60 3549 130 3612 quas
143 3530 219 3594 dorn.
233 3531 426 3615 Rod(ulphus)
440 3533 475 3595 de
492 3541 603 3594 Lurone
619 3544 696 3595 tenet
723 3530 758 3593 ab
786 3531 896 3607 eadem,
926 3530 957 3593 it.
992 3531 1144 3595 dominium

60 3626 144 3688 castri
158 3626 193 3688 de
207 3633 309 3691 Sancto
322 3630 447 3692 iohanne
471 3645 498 3694 et
514 3631 550 3693 de
564 3628 697 3705 Govellis,
727 3629 810 3703 castri
830 3629 866 3690 de
883 3628 994 3712 Fleyre,
1011 3630 1093 3692 castri
1108 3630 1144 3694 de

61 3723 170 3799 Poulie,
192 3726 275 3787 castri
295 3726 330 3788 de
351 3728 475 3812 Gerlyel,
495 3727 580 3791 castri
603 3727 639 3789 de
664 3726 811 3807 Prengins,
845 3728 927 3790 castri
955 3727 991 3790 de
1006 3728 1141 3807 Gentiles,

59 3820 144 3885 castri
158 3821 193 3884 de
210 3829 306 3885 Monte
324 3826 460 3888 Recherio
480 3840 508 3889 et
522 3826 621 3888 domus
637 3822 716 3886 lortis
737 3823 772 3884 de
795 3824 918 3901 Polanis,
937 3844 1001 3888 cum
1014 3827 1143 3894 omnibus

56 3918 165 4001 juribus
189 3921 350 3986 eorumdem
382 3938 410 3987 et
432 3924 565 4007 quidquid
587 3920 671 3984 ltabet
685 3920 713 3982 in
728 3920 896 4004 dyocesibus
911 3929 1100 3992 Lausannensi
1115 3943 1143 3993 et

58 4017 383 4103 Gebennen.—1499.
399 4029 432 4086 lt.
444 4023 530 4105 quod.
547 4021 667 4084 vidimus
679 4018 745 4082 dicti
757 4021 941 4087 instrumenti.

104 4135 189 4197 1500.
209 4125 289 4198 Item,
305 4118 390 4202 qued.
407 4120 501 4186 lietera
518 4121 546 4185 in
561 4118 692 4204 pendenti
712 4117 840 4199 sigillata,
869 4122 970 4205 scripta
994 4124 1046 4188 sub
1066 4142 1140 4189 anno
