2716 4784
591 394 769 458 -„,-

140 505 240 569 notarii
263 506 315 569 sub
329 524 404 568 anno
428 506 482 568 oni
495 512 716 582 M0CC⁰Lxlll0,
741 505 825 568 indic.
853 524 895 584 vr,
923 505 970 568 die
996 516 1075 567 κων
1100 505 1206 567 intrante

141 620 236 664 mense
258 603 434 684 septembris,
463 604 608 666 continens
624 603 817 666 vendicionem
832 603 932 666 iactam
953 622 1004 683 per
1032 609 1145 665 Petrum
1157 601 1206 663 llbo

139 697 215 771 dicto
233 699 298 782 (de)
321 707 423 762 Sancto
444 702 555 764 Ymetio
577 715 605 764 et
620 701 796 783 Margaritam
822 700 881 780 ejus
897 720 1014 763 uxorem
1044 701 1124 763 dom⁰
1136 707 1207 762 Petro

138 798 262 874 Aurucii,
278 799 321 861 cui
336 800 469 862 successit
492 800 630 875 dominus,
652 801 736 862 videl.
752 801 788 862 de
801 818 810 860 1
824 800 939 862 sestario
953 800 1010 861 vini
1026 818 1128 862 census
1142 798 1205 860 reci·

140 895 226 976 pienti
233 915 316 978 super
328 897 412 978 quad.
428 898 501 979 petia
513 898 595 961 vinee
608 912 636 961 et
654 918 737 979 super
762 899 846 980 quad.
878 898 953 980 petia
973 897 1049 979 prati
1062 911 1093 960 et
1106 916 1182 978 super
1192 915 1206 957 n

140 992 227 1074 peciis
236 1006 309 1056 terre
318 993 463 1057 confimatis
474 995 501 1057 in
515 995 589 1058 dicto
600 996 690 1059 instr‘0
701 1010 729 1059 et
739 996 827 1077 posite
837 996 910 1076 apud
922 1003 1050 1058 Montem
1061 994 1205 1069 Bonodun,

140 1108 192 1171 pro
206 1091 306 1172 quibus
315 1092 434 1154 confessi
448 1092 558 1156 luerunt
570 1093 636 1157 dicti
650 1095 782 1175 conjuges
796 1108 891 1156 tenere
915 1094 951 1155 de
963 1092 1052 1156 leudo
1067 1106 1097 1156 et
1108 1090 1206 1154 nomine

141 1187 217 1251 leudi
232 1189 349 1270 predict.
359 1209 403 1252 res
417 1211 433 1252 a
446 1191 521 1254 dicto
535 1190 612 1253 dom.
628 1198 662 1253 P.
678 1191 799 1253 Aurucii.

183 1285 251 1364 870.
278 1294 357 1362 Item,
387 1289 473 1370 quod.
486 1289 523 1351 al.
547 1289 757 1351 instrumentum
776 1287 907 1369 scripturn
927 1304 1012 1348 manu
1037 1284 1162 1347 Gamerii
1180 1283 1208 1345 de

143 1387 267 1466 Correyo
277 1383 376 1446 notarii
387 1384 477 1467 publ,
491 1386 543 1447 sub
558 1398 631 1447 anno
646 1386 699 1447 Diri
716 1390 916 1459 M⁰CC0LXV⁰,
933 1383 979 1445 die
994 1382 1087 1444 sabati
1097 1395 1157 1464 post
1167 1381 1210 1442 les

142 1494 200 1542 tum
216 1480 243 1541 b¹
258 1482 400 1563 Stephani,
415 1484 560 1546 continens
576 1483 734 1565 homagium
751 1481 845 1564 ligium
870 1480 1016 1563 prestitum
1037 1478 1168 1562 Syboudo
1180 1477 1209 1538 de

143 1583 317 1641 castronovo
332 1600 381 1662 per
393 1581 540 1643 Matrinum
556 1581 682 1643 Attoudi.

183 1675 251 1754 871.
268 1679 441 1760 Item,qued.
457 1679 552 1742 lictera
565 1679 667 1761 scripta
687 1678 739 1740 sub
757 1696 830 1738 anno
852 1676 905 1738 Diri
922 1680 1119 1751 M0CC⁰LVI⁰,
1140 1671 1209 1735 indit.

143 1790 213 1847 xiiii,
230 1792 279 1835 vur
293 1774 406 1838 kalend.
427 1776 531 1857 aprilis,
554 1777 699 1839 continens
715 1775 873 1856 homagium
894 1775 988 1856 ligium
1017 1788 1048 1837 et
1062 1773 1211 1836 fidelitatem

142 1871 284 1952 prestitam
297 1872 375 1934 dom⁰
397 1874 545 1956 G(uigoni)
563 1874 693 1955 dalphino
708 1874 856 1937 Viennensi
871 1893 922 1956 per
933 1873 1009 1935 dom.
1029 1870 1212 1954 G(onterium)

143 1966 178 2029 de
194 1968 361 2044 Brianczon,
386 1983 414 2032 et
434 1970 515 2052 (pro)
530 1971 648 2052 predict.
664 1969 794 2031 fidelitate
811 1984 839 2032 et
857 1969 986 2050 homagio
1000 1969 1079 2031 idem
1092 1970 1165 2031 dont.
1180 1973 1210 2028 G.
1231 1976 1235 1987 ’

143 2064 289 2145 dalphinus
309 2066 384 2128 dicto
398 2067 474 2129 dom.
492 2068 566 2130 G.de
579 2068 733 2130 Brianczon
748 2068 826 2130 dedit
838 2081 865 2130 et
879 2066 1018 2130 concessit
1042 2067 1072 2128 in
1086 2082 1212 2147 augmen·

126 2156 201 2222 ‘tum
216 2162 290 2224 leudi
303 2164 378 2244 quod
397 2164 480 2226 abeo
494 2165 607 2227 tenebat
621 2165 772 2227 dominium
796 2166 855 2227 sive
869 2165 981 2226 leudum
1007 2164 1087 2246 quod
1109 2162 1213 2226 tenebat

143 2257 179 2318 ab
195 2257 256 2338 ipso
274 2259 404 2341 dalphino
418 2261 558 2324 villelmus
577 2262 676 2324 Guersi
694 2263 729 2324 de
745 2263 821 2324 Bella
837 2262 942 2324 Comba
972 2275 1001 2324 et
1028 2261 1105 2338 Odo,
1130 2259 1212 2322 Berlio

142 2369 171 2418 et
196 2357 344 2433 Henricus,
372 2357 419 2419 filii
438 2359 508 2439 ejus,
527 2360 555 2420 in
572 2360 656 2422 domo
674 2360 709 2422 de
728 2361 803 2421 Bella
818 2360 923 2422 Comba
939 2372 968 2422 et
990 2358 1018 2420 in
1040 2359 1117 2421 dicto
1131 2370 1213 2421 castro

142 2454 177 2515 de
188 2456 265 2518 Bella
277 2456 383 2518 comba
398 2457 450 2519 sub
465 2457 555 2519 modis
568 2471 596 2519 et
609 2457 819 2520 condicionibus
836 2458 863 2520 in
875 2458 948 2520 dicta
959 2456 1057 2519 lietera
1072 2455 1210 2519 contentis.

182 2551 250 2630 872.
269 2559 349 2630 ltem,
368 2554 455 2635 quod.
467 2554 504 2616 al.
520 2554 730 2617 instrumentum
744 2555 821 2636 publ.
836 2555 968 2636 scriptum
981 2573 1066 2616 manu
1086 2551 1213 2615 Hunbetti

142 2649 250 2712 Merleti
278 2650 377 2712 notarii
402 2651 479 2731 publ.
504 2651 556 2713 sub
581 2672 654 2713 anno
674 2652 727 2713 Diri
748 2658 1003 2727 M⁰CC⁰LXXX110,
1018 2651 1106 2712 indic.
1122 2648 1214 2726 x²,die

140 2745 228 2809 sabati
252 2761 315 2828 post
343 2748 544 2829 Carniprivium
569 2763 661 2826 vetus,
680 2749 826 2812 continens
847 2750 921 2832 quod
950 2755 1041 2811 Goras
1074 2747 1158 2810 Palus
1183 2746 1214 2807 de

140 2848 236 2905 Monte
251 2845 368 2906 Bonodo
383 2845 470 2921 dedit,
488 2847 603 2909 donavit
626 2848 781 2910 donacione
803 2848 874 2910 inter
902 2847 983 2909 vivos
1007 2852 1094 2908 Petro
1110 2843 1213 2908 Ausucii

140 2938 297 3015 domicello,
315 2941 359 3003 cui
374 2943 507 3006 successit
517 2944 593 3005 dom.
610 2944 767 3025 delphinus,
784 2964 881 3007 omnes
893 2963 938 3006 res
949 2963 999 3005 seu
1013 2942 1212 3025 possessiones,

139 3036 252 3100 mobilia
268 3051 296 3101 et
316 3038 457 3101 inmobilia
483 3055 511 3103 et
527 3042 619 3103 omnia
633 3043 692 3121 jura
707 3064 761 3125 que
778 3057 807 3106 et
818 3064 886 3124 quas
900 3042 1021 3104 habebat
1048 3042 1096 3104 vel
1117 3042 1214 3103 habere

139 3146 249 3214 poterat
262 3148 289 3197 et
302 3135 424 3198 debebat
436 3136 465 3197 in
478 3139 674 3202 mandamento
691 3140 794 3202 Montis
817 3139 936 3215 Bonodi,
957 3139 1012 3201 sint
1024 3151 1113 3215 terre,
1129 3151 1214 3219 prata,

138 3251 253 3294 nemora
267 3233 311 3295 vel
325 3233 407 3296 vinee
422 3255 470 3297 seu
488 3236 604 3299 servicia
621 3237 666 3298 vel
678 3238 774 3318 usagia
789 3256 962 3319 quecumque
978 3235 1032 3297 sint
1046 3236 1093 3299 vel
1107 3233 1216 3317 reperiri

138 3331 245 3414 possint
259 3352 275 3394 a
288 3331 348 3394 celo
365 3333 499 3415 usquead
513 3333 656 3410 abussum,
670 3334 722 3396 sub
739 3335 828 3397 modis
842 3348 870 3397 et
883 3332 1096 3396 condicionibus
1106 3333 1135 3395 in
1147 3333 1216 3394 dicto

136 3429 389 3493 instr⁸⁰contentis
966 3495 974 3503 ,

178 3526 246 3604 873.
265 3535 345 3604 Item,
362 3528 448 3610 quod.
464 3529 500 3591 al.
513 3530 724 3593 instrumentum
738 3529 816 3610 publ.
830 3529 961 3611 scriptum
976 3547 1061 3591 manu
1082 3525 1215 3592 llunberti

137 3621 173 3685 de
205 3630 308 3688 Sancto
332 3625 475 3689 Dalmacio
497 3628 598 3690 notarii
617 3627 694 3709 publ.
724 3627 775 3688 sub
800 3646 873 3689 anno
899 3632 1103 3700 Mtccuxlr,
1134 3625 1214 3687 indic.
1244 3661 1246 3666 2

137 3733 179 3797 ve,
191 3719 236 3784 die
248 3742 295 3785 xvi
309 3723 436 3787 intrantis
451 3726 553 3788 mensis
567 3724 734 3800 decembris,
750 3725 895 3786 continens
914 3725 989 3806 quod
1005 3730 1108 3786 Petrus
1124 3724 1216 3799 chou-

136 3817 230 3881 nesius
248 3833 277 3882 et
296 3822 408 3885 Mabilia
425 3823 484 3903 ejus
510 3842 579 3885 uxor
594 3822 780 3885 vendiderunt
801 3836 829 3884 et
842 3822 1017 3885 tradiderunt
1032 3821 1114 3883 dom⁰
1136 3827 1214 3882 Petro

136 3915 248 3978 Aurucii
274 3937 282 3979 1
304 3920 429 4000 quartale
458 3919 587 3999 frumenti
616 3938 717 3983 census
742 3919 817 4001 quod
845 3919 912 3981 dare
933 3933 961 3982 et
983 3920 1097 3983 solvere
1109 3931 1214 3983 tenetur

137 4020 237 4077 Petrus
254 4016 352 4079 Berlus
365 4031 393 4081 et
408 4037 416 4079 r
431 4019 568 4101 eyminam
586 4037 686 4094 avene,
701 4016 791 4097 pretio
804 4029 833 4080 et
846 4030 970 4080 mercato
985 4035 1022 4080 xx
1037 4017 1121 4081 solid.
1130 4016 1213 4079 bono·

134 4133 195 4176 rum
212 4113 375 4181 viennen...
