2716 4784
507 393 685 454 ’'¹7¹⁸'‘

94 505 158 576 981.
174 505 296 579 Postque,
312 522 376 561 anno
391 500 442 560 Drii
455 504 657 578 M·CCC·LXX,
679 503 726 560 fuit
738 506 806 561 faeta
821 505 895 578 qued.
922 504 1059 561 transactio
1074 505 1136 561 inter

58 589 186 646 dominum
214 601 327 650 nostrum
357 609 438 666 regem
466 591 608 666 dalphinum
630 610 661 648 ex
684 610 732 649 una
764 601 836 665 parte
868 601 895 652 et
928 592 996 648 dom.
1021 591 1136 649 comitem

58 679 243 737 Gebennensem
271 698 301 736 ex
329 680 417 754 altera,
447 697 491 754 per
523 698 597 755 quam
626 679 678 754 ipse
706 697 788 737 comes
816 681 988 749 Gebennarum
1016 679 1136 754 quittavit

57 767 133 824 aliam
151 767 340 825 convencionem
355 769 448 826 dudum
461 767 552 824 tactam
575 785 620 842 per
643 767 693 841 ejus
715 777 822 841 patrem,
845 766 930 842 vigore
953 767 1021 841 cujus
1036 757 1137 843 petebat

57 866 169 913 castrum
183 855 317 914 Morestelli
330 865 356 913 et
377 856 459 912 villam
473 855 600 914 Goncelini
613 857 692 912 etXm
704 857 861 929 florenorum,
873 866 901 911 ut
915 855 938 911 in
953 854 1043 912 licteris
1057 866 1136 913 trans·

57 944 166 1000 actionis
179 964 241 1019 quas
256 944 364 1002 restituit
376 954 402 1001 et
415 945 496 1019 posite
509 955 567 1001 sunt
581 943 605 1001 in
618 945 724 1002 archivis
738 963 794 1000 cum
813 943 941 1019 scripturis
956 940 1136 1018 Graysivodani

56 1031 156 1107 plenius
170 1031 311 1089 continetur
327 1053 335 1105 ;
357 1043 383 1089 et
395 1033 509 1090 dominus
527 1033 650 1090 concessit
663 1033 740 1090 eidem
755 1033 838 1090 comiti
854 1043 962 1090 castrum
976 1031 1098 1090 Falaverii
1113 1030 1135 1088 in

58 1128 127 1175 terra
145 1119 244 1193 Turris,
260 1138 306 1195 pro
321 1121 359 1177 Vc
373 1119 460 1178 floren.
475 1121 495 1177 si
510 1130 605 1177 tantum
620 1121 703 1177 valeat
716 1120 777 1177 dict.
794 1131 913 1194 castrum,
929 1119 990 1177 alias
1003 1120 1077 1176 debet
1090 1118 1136 1176 sibi

58 1206 178 1281 compleri
206 1218 268 1281 etc,
296 1218 322 1264 et
349 1209 422 1266 debet
436 1219 518 1265 tenere
541 1207 602 1267 dict.
627 1218 736 1265 castrum
751 1207 774 1263 in
793 1209 891 1265 seudum
906 1217 932 1263 et
945 1207 1097 1282 homagium,
1111 1217 1138 1264 et

57 1296 152 1353 Petrus
179 1313 261 1353 comes
288 1297 398 1354 Gebenn.
428 1295 537 1370 prestitit
565 1295 726 1368 juramentum
754 1295 878 1353 fidelitatis
902 1297 970 1352 dom·
993 1297 1087 1352 Jacobo
1106 1295 1137 1352 de

57 1375 166 1455 Vienna,
181 1383 341 1457 gubernatori
355 1382 531 1456 Dalphinatus,
542 1382 581 1441 die
591 1384 643 1439 ΙΙΙΙἃ
659 1382 747 1439 mensis
761 1382 901 1440 novembris
915 1382 1135 1454 M⁰CCO·LXX·;

59 1468 202 1543 homagium
216 1488 276 1528 vero
290 1471 364 1528 debet
385 1473 464 1528 facere
477 1471 529 1545 regi
543 1471 661 1544 dalphino
675 1480 701 1527 et
713 1468 770 1528 fecit
780 1469 969 1528 instrumentum
984 1470 1137 1527 Humbertus

59 1557 163 1614 Graneti
191 1557 221 1613 de
249 1556 347 1614 Mencio
362 1557 473 1615 notarius
496 1577 561 1615 anno
579 1558 702 1632 predicto,
722 1569 747 1614 et
767 1559 840 1616 debet
854 1558 943 1617 habere
957 1559 990 1615 ab
1004 1558 1051 1615 alia
1066 1569 1138 1633 parte

57 1648 114 1702 1111·
134 1647 218 1704 floren.
234 1656 261 1704 et
274 1648 347 1706 debet
360 1666 536 1722 recognoscere
550 1659 642 1704 terram
655 1666 724 1704 suam
739 1666 813 1722 quam
828 1657 895 1704 tenet
910 1648 932 1702 in
947 1647 1136 1720 Graysivodano

57 1753 134 1810 quam
161 1735 267 1809 primum
294 1735 386 1811 poterit
417 1736 540 1795 informari
559 1740 580 1808 ¹3
605 1746 630 1794 et
644 1736 699 1792 inde
717 1737 748 1792 de
766 1735 833 1793 dicta
861 1734 1029 1792 transactione
1050 1735 1136 1794 ultimo

56 1823 127 1882 facta
142 1834 211 1881 stant
230 1824 313 1882 hictere
330 1824 433 1900 sigillata
455 1844 504 1881 una
528 1824 609 1898 sigillo
632 1825 697 1882 domi
715 1823 792 1881 nostri
815 1822 925 1899 dalphini
948 1832 973 1878 et
996 1821 1043 1878 alia
1058 1821 1136 1896 sigilio

58 1906 121 1969 dicti
135 1911 243 1985 comitis,
263 1930 311 1988 que
328 1913 409 1988 posite
423 1921 481 1969 sunt
495 1931 550 1969 cum
565 1911 618 1969 aliis
632 1910 818 1987 suprascriptis·

55 1994 57 1999 ’
94 1999 157 2072 982.
173 2001 243 2072 Item,
264 2000 338 2075 qued.
354 2000 516 2059 instrumenta
543 1999 609 2059 facta
624 2020 698 2057 manu
718 1999 834 2059 iohannis
849 1997 968 2056 Richardi
983 1999 1014 2055 de
1027 1997 1137 2057 Ciavone

59 2084 151 2144 notarii
166 2088 270 2143 condam
279 2105 321 2144 seu
336 2088 468 2145 Berthonis
482 2088 513 2144 de
522 2088 661 2146 Masticone
674 2087 724 2161 ejus
739 2085 884 2160 comissarii,
896 2095 1013 2143 contenta
1023 2085 1047 2143 in
1061 2087 1137 2143 Xicim

57 2174 175 2249 pellibus,
191 2175 341 2233 continentia
353 2177 532 2251 recognitiones
542 2176 650 2235 omnium
664 2195 781 2235 censuum
794 2186 820 2233 et
833 2177 963 2233 feudorum
978 2193 1040 2250 quos
1054 2185 1137 2251 etque
1173 2182 1175 2187 '

15 2290 19 2297 ·
56 2262 216 2347 ,percipiebat
229 2266 384 2340 Aymonetus
398 2266 428 2322 de
442 2268 525 2338 Lenps
539 2267 563 2322 in
577 2264 709 2340 parrochia
725 2267 756 2322 de
766 2257 853 2322 hrenis
877 2263 901 2321 in
920 2262 1059 2338 bysantio,
1075 2283 1137 2340 quos

59 2371 148 2409 census
176 2352 239 2409 idem
264 2355 372 2427 hymen.
402 2353 511 2411 vendidit
525 2353 663 2411 hominibus
678 2353 808 2426 parrochie
822 2352 882 2411 dicti
896 2351 944 2409 loci
957 2354 988 2409 de
997 2352 1097 2426 Arenis,
1111 2362 1137 2434 et

58 2440 116 2516 quia
131 2439 244 2514 predicta
258 2443 404 2499 tenebantur
418 2442 442 2498 iu
456 2443 555 2500 feudum
569 2461 584 2498 a
598 2441 698 2500 domiuo
712 2452 738 2498 ot
751 2442 891 2516 homagium
905 2439 1014 2516 dictique
1028 2441 1137 2498 homines

58 2545 108 2584 non
122 2539 194 2584 erant
207 2529 300 2586 habiles
314 2531 346 2587 ad
362 2531 493 2588 tenendum
507 2531 567 2588 dict.
584 2529 693 2602 feudum,
708 2529 754 2586 tuit
768 2531 833 2586 iacta
848 2529 982 2588 concordia
997 2547 1053 2586 cum
1067 2530 1136 2587 dom·

57 2617 225 2690 gubernatore
232 2617 299 2692 quod
314 2617 373 2674 dicti
387 2636 474 2675 census
495 2627 664 2675 remanserunt
677 2617 743 2673 dicte
756 2614 896 2691 parrochie,
912 2624 937 2674 et
955 2616 1068 2678 dominus
1083 2634 1136 2692 per·

57 2702 134 2778 cipiet
155 2703 308 2763 laudationes
330 2714 356 2761 et
377 2704 527 2762 venditiones
546 2705 570 2762 in
593 2704 735 2787 rebustpro
756 2703 845 2779 quibus
859 2701 922 2760 fiunt
936 2720 1022 2760 census
1036 2703 1136 2777 quando

58 2792 206 2866 vendentur,
215 2794 245 2851 de
258 2811 307 2868 qua
318 2793 450 2851 concordia
461 2792 554 2869 recepit
567 2792 755 2850 instrumentum
768 2793 892 2849 lohannes
900 2789 1007 2849 Nicoleti
1017 2791 1135 2851 M·CCC·

58 2881 143 2937 LXX·
159 2881 196 2938 vel
211 2880 286 2939 circa.
447 2877 450 2882 ’

96 2968 159 3043 983.
182 2971 253 3042 Item,
273 2970 350 3045 quod.
375 2971 407 3028 ai.
438 2970 625 3028 instrumentum
653 2969 780 3027 continens
804 2970 1012 3045 albergamentum
1040 2970 1136 3045 noviter

58 3058 152 3115 factum
171 3058 202 3113 de
216 3076 315 3115 nemore
332 3057 440 3132 Rigaudi
454 3077 533 3134 prope
546 3058 692 3116 Morasium.

95 3146 159 3218 984.
181 3148 253 3220 Item,
268 3147 342 3222 qued.
364 3149 486 3205 sentencia
514 3147 565 3204 lata
587 3165 630 3220 per
652 3148 724 3204 dom.
753 3148 871 3205 iacobum
892 3148 922 3203 de
949 3149 1134 3221 Montemauro,

55 3234 250 3307 gubernatorem
260 3235 435 3309 Dalphinatus,
451 3254 516 3292 anno
525 3235 574 3290 om
588 3236 810 3309 mccehhxrxih
820 3245 846 3292 et
860 3234 899 3291 die
912 3236 999 3290 XXIX
1013 3233 1134 3311 octobris,

56 3321 157 3395 signata
178 3322 250 3397 signo
272 3322 342 3381 Petri
364 3324 515 3381 Chantarelli
535 3324 843 3401 secretarii'dalphinalis,
864 3324 887 3380 in
910 3324 1020 3381 favorem
1043 3321 1134 3380 domini

57 3409 138 3466 nostri
153 3409 273 3485 dalphini,
295 3430 339 3486 per
357 3411 425 3487 cujus
439 3421 549 3469 tenorem
564 3420 669 3487 apparet
688 3413 756 3489 quod
776 3413 864 3469 domus
877 3410 949 3468 fortis
963 3409 1058 3476 Viilieni
1073 3411 1134 3467 Bar·

56 3495 116 3554 ralis
130 3497 179 3553 sita
200 3497 223 3554 in
247 3499 420 3556 mandamento
435 3498 565 3572 Avalonis,
583 3499 638 3556 loco
653 3499 755 3557 dictoin
771 3499 848 3556 Vilari
862 3499 953 3574 Nigro,
966 3507 1063 3555 tenetur
1078 3517 1133 3554 cum

55 3583 107 3643 suis
121 3583 216 3658 juribus
228 3595 254 3642 et
268 3586 420 3661 pertinentiis
434 3588 464 3645 de
478 3586 572 3645 directo
587 3588 695 3646 dominio
709 3598 734 3644 et
755 3589 829 3646 feudo
843 3589 909 3644 douri
932 3586 1010 3645 nostri
1024 3586 1133 3663 dalphini
1185 3637 1190 3646 .

55 3691 208 3750 suorumque
223 3675 338 3731 heredum
361 3685 387 3731 et
412 3693 581 3733 successorum
600 3684 625 3732 et
639 3676 685 3748 sub
700 3675 821 3750 censibus,
837 3676 952 3733 oneribus
979 3685 1004 3733 et
1026 3672 1133 3731 serviciis

54 3760 166 3842 proinde
183 3762 251 3819 dom·
271 3773 358 3821 nostro
372 3765 441 3839 pred.
458 3763 557 3836 debitis,
573 3763 706 3820 secundum
724 3764 828 3820 formam
843 3763 1000 3839 antiquarum
1024 3761 1132 3838 recogni-

56 3847 156 3904 tionum
171 3850 350 3922 productarum
372 3849 395 3906 in
418 3869 535 3929 processu
558 3868 632 3926 super
654 3866 704 3926 quo
727 3849 793 3906 dicta
816 3850 936 3908 sententia
960 3850 1010 3907 lata
1023 3850 1087 3922 iuit;
1109 3850 1131 3907 in

56 3933 147 4008 quibus
167 3945 269 3993 cavetur
284 3938 350 4012 quod
366 3939 512 3994 chavaneira
536 3937 566 3994 de
589 3936 640 3993 Mal
665 3937 768 4010 Borget,
788 3936 850 3995 inira
874 3955 948 4011 quam
962 3936 1029 3995 dicta
1044 3939 1132 3995 domus
1232 3980 1237 3993 .

83 4131 119 4180 r.
136 4113 175 4168 En
189 4130 224 4197 m,
238 4113 317 4181 Terre
328 4111 440 4186 Theysii,
454 4113 530 4182 Pctre
543 4121 568 4170 et
585 4113 710 4184 Domene„
