2722 4770
599 365 778 477 ..‚‚·4..

196 528 282 610 1562.
298 537 377 605 ltem,
394 529 433 594 tl.
450 529 529 610 publ.
544 529 756 593 instrumentum
779 529 913 610 scripum
939 546 1027 592 ntur
1041 530 1179 613 Aymmir
1193 531 1224 594 de

153 627 284 690 Tornalul
295 627 331 689 de
346 626 565 710 Monteluppello
574 627 673 690 notarii
689 627 768 708 publ.
783 626 835 689 sub
846 626 985 690 annolini
1000 633 1168 704 mcor,
1183 628 1226 690 die

150 723 223 803 juvit
235 743 290 804 que
306 724 356 786 luit
376 736 430 786 ιιιι·
443 723 474 785 d.
488 724 591 787 mensis
604 724 731 802 jannuti,
748 725 894 787 oont'mens
910 723 1073 787 afliationes
1084 737 1115 787 et
1129 725 1229 788 endu·

109 880 119 897 ,
151 820 315 885 &raciones
327 822 416 885 factas
436 822 509 884 inter
522 822 587 883 illu·
599 821 751 903 principem
765 822 842 886 dom.
865 820 1055 884 Humbertum.
1064 821 1226 902 dalphinum

151 917 347 995 Viennensem,
359 918 552 982 domnnnam
563 919 721 999 dalphinum
730 919 930 994 etloltannem
944 919 1224 999 llugonunetunin·

149 1030 328 1093 tum,eorum
340 1016 422 1090 lilios,
440 1037 475 1079 ex
489 1036 543 1079 una
557 1030 636 1097 parte
655 1029 684 1079 et
705 1015 825 1103 nubilem
846 1015 936 1078 virum
949 1015 1028 1077 dom.
1047 1015 1224 1080 Guillehun

150 1113 187 1176 de
198 1121 257 1176 lam
274 1114 346 1189 vila,
367 1114 509 1176 dominum
524 1113 560 1176 de
571 1120 663 1195 enyo,
679 1113 792 1176 nomine
803 1131 855 1175 suo
867 1125 897 1174 et
909 1111 1044 1174 heredum
1055 1130 1172 1176 suorum
1191 1133 1227 1177 er

149 1211 246 1285 altera,
262 1211 408 1273 continens
423 1212 510 1273 eciam
520 1210 595 1292 quod
608 1229 680 1274 untes
690 1209 836 1274 tenebatur
848 1208 925 1291 sequi
940 1208 1025 1270 alium
1037 1222 1066 1272 et
1080 1217 1223 1292 receptam

148 1305 264 1370 interra
274 1326 324 1369 sua
340 1325 402 1369 cum
416 1307 553 1370 armisve!
567 1307 627 1370 siue
639 1307 733 1371 armis.

193 1404 276 1482 1563.
295 1410 375 1477 Item,
390 1404 476 1486 quod.
489 1404 614 1486 alpubl.
625 1405 837 1468 instrumentum
850 1404 894 1486 (ut
911 1403 1224 1486 1553),uienamen

148 1499 186 1562 sis
196 1498 337 1576 febroarii,
353 1502 498 1564 continens
512 1500 670 1582 homagium
692 1500 788 1581 ligium
799 1501 836 1562 de
851 1519 970 1581 persona
982 1497 1134 1580 prestitum
1145 1500 1223 1563 dom·

147 1598 383 1678 nostrodalpltino
397 1599 579 1680 pernobilem
595 1604 709 1661 Petrum
725 1597 858 1673 baudelii,
871 1596 957 1660 tilium
971 1596 1145 1681 marmiun)
1155 1605 1221 1661 Dm·

147 1693 211 1757 delli
224 1695 353 1771 condam,
370 1709 426 1759 etc.
966 1780 969 1785 ¹

191 1793 275 1873 1564.
293 1800 373 1869 ltem‚
390 1792 477 1873 quod.
492 1794 529 1855 al.
553 1793 764 1857 instrumentum
783 1793 826 1874 (ut
845 1791 945 1873 1555),
972 1791 1020 1854 die
1039 1805 1103 1854 xrs·
1122 1792 1221 1856 mensis

146 1889 274 1969 januani,
285 1890 430 1952 continens
438 1889 597 1970 homagium
610 1890 704 1972 ligium
719 1890 754 1952 de
764 1889 968 1970 personadom⁰
979 1901 1081 1950 nostro
1090 1889 1220 1971 delphino

146 1987 288 2068 prestitum
304 2005 354 2066 per
368 1991 480 2048 Petrum
493 1987 529 2048 de
543 1987 620 2049 Bello
638 1986 714 2048 Furti
726 1969 873 2066 juniorem,
889 1984 1079 2060 domicellum,
1098 1986 1224 2050 duomui

144 2079 229 2143 feudo
238 2095 267 2142 et
277 2082 361 2144 rebus
376 2082 450 2162 quod
467 2097 496 2144 et
507 2103 576 2164 quas
590 2086 668 2146 tenet
681 2083 748 2146 dict.
764 2090 863 2146 Petrus
873 2097 901 2144 et
913 2095 1011 2146 tenere
1021 2083 1111 2146 debet
1119 2083 1149 2146 in
1160 2083 1220 2146 tlic-

143 2188 174 2238 to
201 2176 264 2238 loco
288 2178 324 2239 de
352 2177 430 2239 Bello
455 2178 531 2241 Furti
552 2193 581 2242 et
604 2192 664 2242 tota
685 2181 744 2258 ejus
759 2179 930 2242 .castellania
945 2191 1010 2241 ante
1030 2199 1130 2243 omnen
1154 2180 1222 2244 ἕω

144 2291 289 2353 personat,
307 2288 425 2356 excepto
454 2275 596 2339 dumtaxat
625 2276 757 2359 episcopo
783 2275 997 2353 tarentasiensi,
1025 2289 1056 2340 tu
1080 2277 1218 2359 assignat.

144 2387 357 2433 communem...

189 2469 273 2549 1565.
289 2476 369 2543 Item,
380 2470 466 2550 quod.
482 2470 693 2534 instrumentum
707 2470 841 2550 scriptum
855 2487 937 2532 manu
951 2469 1076 2532 Ancelmi
1094 2469 1131 2532 de
1144 2470 1219 2532 Che-

144 2558 185 2621 siz
199 2558 297 2630 notarii
321 2557 398 2639 publ.
416 2558 557 2630 sub'anno
572 2559 686 2621 Nativit.
716 2559 770 2621 uni
785 2557 1102 2633 tt⁰ecc⁰x1x⁰,lndie.
1117 2572 1163 2636 11²,
1176 2558 1220 2621 ule

142 2667 202 2716 ω’
226 2654 327 2716 mensis
348 2654 442 2728 madii,
460 2655 605 2718 continens
628 2655 703 2737 quod
720 2654 755 2717 ad
777 2655 987 2736 requisicionem
1014 2654 1062 2716 ill¹¹
1077 2654 1129 2717 viri
1141 2654 1217 2717 doru.

143 2749 279 2810 Guillelmi
288 2749 395 2811 comitis
405 2751 596 2814 Gebennensis
612 2766 641 2814 et
650 2752 685 2813 de
697 2751 757 2830 ejus
770 2751 882 2832 speciali
896 2751 1039 2828 mandato,
1054 2758 1219 2832 Hugonetuu

142 2845 179 2906 de
192 2852 317 2926 Druyseu
332 2866 455 2908 unacum
468 2848 527 2910 aliis
538 2848 736 2923 mandanensi,
754 2836 833 2930 burgi
850 2863 878 2912 et
889 2849 972 2912 castri
986 2848 1023 2912 de
1040 2849 1218 2914 claromonte

142 2942 326 3025 promiserunt
338 2961 421 3022 super
434 2957 529 3005 sancta
547 2944 598 3005 Dei
614 2945 763 3025 Evangelia
777 2946 908 3007 Ancelmo
922 2945 958 3008 de
970 2945 1063 3009 ciricis
1073 2947 1216 3026 predicto,

142 3055 218 3097 more
238 3036 347 3115 publice
361 3057 479 3118 persone
494 3039 634 3120 stipulanti
649 3055 676 3103 et
686 3040 828 3121 recipienti
845 3041 917 3117 vice,
931 3041 1044 3104 nomine
1061 3057 1090 3105 et
1101 3043 1218 3126 atropos

139 3131 188 3194 ill¹⁸
204 3133 335 3214 principis
349 3133 425 3197 dom.
444 3135 588 3198 Humberti
598 3136 639 3217 (l)
649 3130 769 3216 dalph'ini
786 3137 960 3213 Viennensis,
976 3139 1111 3202 heredum
1120 3153 1149 3204 et
1158 3160 1219 3204 suc·

58 3262 61 3267 ·
140 3248 282 3292 cessurum
295 3249 406 3292 suorum
421 3231 449 3292 in
468 3232 644 3312 Delphinum,
661 3233 736 3312 quod
759 3233 812 3314 ipsi
828 3247 856 3295 et
876 3233 1030 3314 singulares
1044 3255 1165 3316 persone
1177 3238 1218 3320 ip·

80 3394 82 3399 ,
139 3325 196 3389 sius
214 3327 399 3391 universitatis
412 3343 548 3409 perpetuo
564 3330 764 3406 observabunt,
776 3332 1005 3407 manutenemus,
1017 3333 1178 3414 custodient
1190 3346 1217 3398 et

139 3421 298 3487 deffendunt
321 3425 481 3506 dalphinum
496 3426 627 3506 predict„
652 3426 770 3489 heredes
781 3440 810 3489 et
829 3446 1007 3490 successores
1022 3449 1089 3492 suos
1110 3443 1139 3492 et
1157 3431 1216 3510 jura

141 3520 332 3601 Dalpltinatus,
349 3536 377 3584 et
390 3523 478 3603 ipsum
494 3536 522 3584 et
536 3543 602 3585 suus
621 3523 755 3600 juvabunt
773 3538 870 3586 contra
884 3544 1093 3606 quamcumque
1117 3545 1217 3606 persu-

139 3635 202 3679 nam
210 3632 237 3680 et
244 3619 295 3680 sibi
304 3632 332 3681 et
339 3619 395 3681 suis
403 3618 567 3696 adjutorium
579 3620 680 3681 facient
686 3620 939 3702 quocienscumque
947 3620 1213 3702 lueritopurtunum‚

138 3729 167 3776 et
180 3717 257 3796 plura
280 3718 332 3779 alia
354 3718 553 3798 promisserunt
574 3717 663 3778 eidem
684 3718 760 3779 dom.
777 3717 1013 3798 dalphinolacere
1028 3719 1125 3799 quein
1140 3719 1214 3784 dictu

136 3812 226 3873 instr¹⁰
254 3816 429 3877 continentur
442 3836 449 3886 ς
464 3813 609 3876 continens
632 3814 713 3877 etiam
732 3815 820 3876 simile
837 3828 1039 3878 sacramentum
1056 3815 1143 3878 modo
1159 3834 1212 3898 quo

137 3927 222 3989 supra
242 3923 270 3970 et
284 3910 320 3970 de
335 3910 466 3972 mandato
479 3908 544 3971 dicu'
566 3910 642 3973 dom.
658 3910 767 3972 comitis
779 3911 923 3992 prestitum
943 3931 993 3992 per
1019 3911 1169 3986 citandum
1179 3912 1215 3976 du

138 4005 349 4085 Compeysieres
364 4020 392 4068 et
416 4006 531 4068 aliorum
558 4007 594 4068 de
608 4007 671 4069 villa
687 4007 777 4087 Ruppi
790 4007 818 4071 in
829 4006 1015 4090 Geben(e>siu
1038 4020 1067 4070 et
1096 4007 1212 4073 manda-

137 4114 230 4163 mento
243 4100 377 4179 ejusdem.
