2716 4784
57 519 97 574 Η.
117 514 221 589 adicto
237 515 265 576 d.
286 515 380 596 dalph.
394 529 484 577 castra
498 515 670 597 infrascripta
682 536 736 597 que
750 516 864 581 tenebat
878 518 906 583 in
921 537 1019 598 purum
1034 533 1062 582 et
1075 542 1137 584 me-

55 629 120 691 rum
140 612 284 690 allodium,
300 613 384 676 videl.
408 628 528 676 castrum
540 613 576 675 de
592 612 738 691 Ghalsaco,
752 612 904 674 dominium
919 613 1010 695 castri-
1027 614 1062 701 de
1078 621 1137 681 Roe
1222 662 1224 666 ι

55 709 144 785 sanis,
157 710 187 771 it.
199 711 336 791 pareriam
347 731 400 792 que
414 711 531 790 subejus
545 710 667 775 dominio
678 723 721 772 est
733 710 807 792 apud
820 711 929 787 Ribers,
942 711 973 772 it.
986 711 1137 787 dominium

55 807 133 888 quod
148 808 231 874 habet
245 808 273 869 in
284 822 376 874 castro
391 808 426 869 de
439 808 534 869 Balma
548 808 583 870 de
602 815 724 884 Rusone,
741 808 772 870 it.
795 808 879 870 affare
908 828 956 870 seu
981 794 1143 891 dominium

55 904 134 986 quod
151 905 234 967 habet
246 904 319 985 apud
341 912 472 967 Sanctum
489 904 648 983 Andream:
670 924 724 986 que
739 904 860 966 dominia
873 918 951 980 tenet
975 905 1137 971 Guillelmus

52 1001 193 1081 augerius
206 1021 257 1082 pro
270 1003 350 1064 dom0
366 1009 484 1084 Hugone
499 1001 533 1079 in⁸
541 1001 666 1078 feudum,
684 1000 807 1082 exceptis
818 1000 871 1063 illis
885 1001 960 1083 quod
976 1015 1052 1071 tenet
1063 1002 1136 1067 idem

56 1097 133 1159 Guil.
151 1098 261 1180 Augerii
276 1119 327 1180 pro
350 1098 424 1161 dicto
435 1098 511 1160 dom.
525 1096 656 1179 dalphino
671 1097 706 1160 de
728 1093 899 1179 patrimonio
908 1097 973 1161 dicti
1002 1107 1054 1178 G.;
1072 1094 1137 1185 item

55 1193 180 1257 dominia
192 1210 346 1258 castrorum
361 1196 396 1258 de
411 1195 571 1272 Anseduna‚
588 1195 623 1257 de
646 1194 801 1259 Marcenno'
815 1210 843 1259 et
859 1196 894 1258 de
910 1204 1005 1277 Monte
1020 1198 1138 1280 Regali,

53 1290 124 1354 item
146 1291 297 1355 dominium
314 1293 390 1374 quod
415 1293 499 1354 habet
519 1293 546 1354 in
566 1306 657 1361 castro
688 1293 722 1355 de
744 1293 907 1370 Arboribus,
924 1294 955 1357 it.
987 1295 1138 1360 dominium

55 1389 134 1471 quod
147 1390 230 1452 habet
242 1391 270 1452 iu
284 1390 369 1471 quad.
386 1389 495 1471 pareria
511 1389 586 1469 apud
602 1388 750 1465 Babosiuz,
771 1389 803 1451 it.
825 1389 975 1452 dominium
995 1391 1069 1472 quod
1088 1412 1139 1455 su-

56 1485 133 1568 cepit
149 1487 224 1549 dom.
242 1487 412 1550 Bertrandus
425 1487 464 1548 de
478 1486 632 1548 Toloniauo
647 1506 698 1568 pro
711 1486 824 1548 domino
845 1487 947 1549 Montis
956 1488 1065 1566 Albani,
1076 1488 1136 1552 scil.

55 1584 234 1646 medietatem
245 1585 280 1646 de
298 1584 463 1663 Toloniano‚
479 1598 595 1665 excepta
610 1582 775 1645 duodecima
785 1597 863 1664 parte
878 1583 951 1646 dicte
966 1584 1135 1666 medietatis;

55 1681 125 1744 item
135 1681 285 1745 dominium
296 1682 378 1745 castri
390 1683 426 1745 de
434 1681 614 1764 Theycheriis
626 1695 653 1742 et
663 1679 814 1742 dominium
825 1680 908 1742 castri
916 1680 951 1742 de
962 1688 1038 1742 Duro
1048 1680 1135 1758 Forti,

55 1778 89 1841 it.
107 1778 283 1842 medietatem
298 1787 405 1842 Autane
419 1794 447 1841 et
462 1778 574 1841 Bastide
589 1778 624 1839 de
639 1776 782 1852 verduno,
794 1777 825 1839 it.
845 1791 965 1839 castrum
976 1776 1011 1839 de
1023 1776 1136 1840 Pereria

57 1877 137 1939 Forti
153 1891 181 1939 et
195 1877 261 1940 illud
272 1877 347 1959 quod
362 1875 466 1939 habet
459 1896 487 1938 m
500 1890 592 1939 castro
604 1882 704 1938 Sancte
716 1876 807 1937 Galle:
821 1895 874 1956 que
884 1875 995 1957 quidem
1008 1846 1099 1937 castia
1110 1889 1138 1938 et

55 1974 180 2037 dominia
192 1975 258 2044 dict.
275 1975 304 2036 d.
323 1983 406 2056 Hugo
420 1975 528 2055 accepit
541 1994 557 2035 a
572 1974 646 2036 dicto
661 1972 690 2036 d
706 1973 837 2055 dalphino
852 1972 904 2040 sub
916 1971 1017 2083 modis,
1039 1971 1136 2039 formis

56 2085 86 2134 et
98 2072 328 2135 condicionibus
321 2092 348 2134 tn
363 2093 437 2154 pres.
449 2073 539 2134 instrto
552 2070 700 2134 contentis

92 2178 140 2233 Est
163 2177 326 2253 suprascript
351 2176 432 2233 insum
452 2195 507 2232 cum
529 2177 605 2252 quod.
627 2175 675 2232 alio
704 2158 786 2230 insuto
816 2184 964 2243 annexatum
985 2174 1008 2230 in
1024 2175 1138 2248 bayllivia

55 2266 256 2340 Graysivoudani
280 2278 305 2324 et
319 2286 368 2324 non
378 2276 461 2342 potest
475 2265 596 2340 separari,
611 2276 636 2322 et
649 2266 713 2340 ydeo
731 2282 780 2321 non
798 2274 836 2320 est
850 2263 1008 2338 registratum
1022 2263 1045 2319 in
1060 2264 1138 2337 Gray·

55 2353 205 2413 sivoudano.

104 2461 188 2544 1369.
203 2470 282 2538 Item,
299 2464 385 2546 quod.
400 2456 612 2526 instrumentum
627 2463 760 2545 scriptum
782 2483 864 2526 manu
881 2463 1037 2545 Maymonis
1052 2469 1139 2527 Orto-

55 2555 114 2619 lani
126 2558 238 2638 notarii,
251 2561 302 2622 sub
318 2581 391 2623 anno
407 2569 516 2623 lncarn.
533 2561 620 2623 Dirice
634 2561 827 2636 utcccultb,
843 2560 887 2622 die
904 2579 922 2621 v
936 2559 1056 2641 augusti,
1072 2550 1139 2623 c'on-

54 2655 149 2718 tinens
164 2659 378 2722 transactionem
401 2673 428 2722 et
447 2658 611 2721 concordias
620 2658 707 2721 factas
716 2658 788 2720 inter
798 2656 874 2718 dom.
892 2651 1085 2739 Raymunduni
1102 2657 1138 2739 de

57 2754 228 2818 Medullione
243 2771 370 2838 exparte
390 2777 444 2818 una
458 2770 486 2819 et
500 2756 607 2818 nobiles
623 2756 699 2818 dom.
720 2753 917 2835 Gualburgiam
941 2768 969 2817 et
986 2753 1138 2836 Reymbal-

56 2850 125 2914 dum
139 2852 175 2914 de
188 2854 280 2916 Calma
296 2854 407 2930 exalia,
428 2854 522 2937 inqua
537 2853 748 2936 pronunciatum
777 2853 933 2916 continetur
947 2853 1022 2935 quod
1046 2867 1137 2916 castra

56 2948 94 3033 de
106 2957 234 3030 Pometo‚
252 2953 287 3015 de
304 2952 448 3028 Arziierio,
463 2952 498 3015 de
513 2951 645 3029 Celeone,
662 2952 697 3013 de
712 2959 816 3028 isone,
836 2951 871 3014 de
887 2957 988 3032 Capra,
1004 2948 1040 3014 de
1053 2959 1138 3015 Mon-

55 3049 221 3130 teaygluno,
233 3048 426 3134 deAyguianis
440 3063 587 3113 teneantur
601 3048 637 3112 de
655 3049 739 3113 feudo
752 3047 901 3111 immediato
920 3047 1077 3132 Raymundi
1099 3046 1135 3112 de

58 3146 240 3210 Medullione

67 3273 85 3391 l
98 3243 262 3326 nfrascripta
280 3244 463 3307 instrumenta
484 3243 649 3308 serenissimi
671 3243 803 3326 principis
826 3243 930 3307 domini
950 3241 1037 3307 nostri
1058 3214 1134 3306 dom.

47 3341 50 3344 ’
98 3340 219 3422 dalphini
233 3341 407 3418 Viennensis,
423 3361 477 3423 que
494 3362 556 3403 cum
573 3341 698 3423 pluribus
710 3340 769 3402 aliis
785 3340 881 3403 instr⁸¹⁸
899 3339 1077 3421 tangentibus
1092 3338 1137 3400 di-

54 3457 140 3500 versa
154 3439 270 3520 negocia
288 3438 355 3501 dicti
369 3439 442 3501 dom¹
460 3439 547 3501 nostri
565 3452 593 3516 et
609 3438 785 3520 antiquitates
808 3437 843 3500 de
860 3437 940 3501 iactis
959 3435 1136 3505 baroniarum

57 3535 235 3598 Medullionis
255 3551 283 3599 et
303 3536 509 3610 Montisalbani,
526 3535 573 3597 iil¹⁸
590 3535 633 3597 vir
647 3536 721 3597 dom.
745 3534 882 3597 Henricus
905 3532 1031 3615 Dalphini
1044 3532 1137 3619 inclite

54 3632 269 3725 recordationis,
294 3633 361 3696 dict.
387 3633 563 3696 baroniarum
594 3632 732 3709 dominus,
757 3630 871 3695 tradidit
893 3630 974 3697 michi
1002 3630 1141 3711 Rotbertp

57 3731 185 3793 Rotberti
200 3731 235 3792 de
254 3737 333 3794 Burro
347 3731 456 3794 notario
471 3729 664 3803 custodienda,
684 3749 738 3810 ego
755 3729 877 3810 prefatus
898 3722 1047 3791 Rotbertus
1069 3720 1140 3809 por'·‚¹

55 3828 114 3897 tavi
128 3828 164 3890 ad
187 3828 328 3889 dominum
346 3827 471 3890 nostruin
487 3827 605 3909 predict.
627 3838 754 3908 pretextu
778 3825 886 3905 cujusd.
899 3824 1138 3934 precouizationis

55 3926 130 3989 facte
141 3925 214 4006 apud
232 3931 339 3987 Burrum
357 3925 417 3987 de
410 3925 495 4006 ipsius
510 3924 583 3986 dom'
602 3922 689 3987 nostri
711 3922 853 3996 mandato,
873 3916 960 4002 quod
971 3921 1142 4015 quicumque

55 4023 180 4097 notanus
194 4020 311 4091 haberet
323 4021 435 4104 aliqua
427 4034 609 4093 instrumenta
624 4039 675 4101 pro
690 4018 788 4096 eodem
802 4018 880 4089 dom⁰
895 4032 990 4118 nostro
992 4006 1143 4117 iaciencia

55 4119 176 4183 eadem
167 4139 221 4200 tpst
213 4118 313 4181 dom⁰
327 4118 423 4182 nostro
440 4116 510 4181 infra
525 4133 630 4182 certum
644 4116 792 4181 terminum
809 4115 940 4219 assignat
926 4130 995 4219 (etp,
998 4114 1136 4191 videl
