2716 4784
598 454 637 482 ‘
658 438 693 498 73
718 455 753 466 -

138 549 248 628 argenti
261 568 312 628 pro
318 550 410 630 legato
420 549 472 611 sibi
486 549 559 612 lacto
570 568 620 630 per
628 549 729 612 dittam
744 551 820 612 dom.
833 551 986 613 Beatricem
996 565 1024 613 et
1033 551 1213 633 quitationem
1267 628 1269 635 Ι

138 645 174 707 de
189 645 333 727 predictis.
564 651 568 658 '

184 761 249 821 372.
269 749 348 819 Item,
360 742 444 823 qued.
460 743 549 806 littera
560 744 588 806 in
602 744 734 824 pendenti
749 744 876 826 sigillata,
893 744 1038 809 continens
1046 747 1121 827 quod
1135 745 1212 807 dom.

139 847 224 920 Hugo
242 839 533 903 Richardiconiessus
553 841 604 902 fuit
618 861 648 902 se
664 855 760 903 tenere
776 842 804 903 in
821 841 934 903 feudum
951 863 967 905 a
983 844 1064 905 domo
1088 842 1215 924 Guigone

137 934 270 1017 dalphino
285 935 410 1018 quitquid
426 937 547 1000 habebat
557 939 584 999 in
599 952 691 1001 castro
706 951 733 999 et
743 939 940 1001 mandamento
950 940 985 1000 de
1003 947 1093 1002 Perau
1104 952 1132 1001 et
1147 959 1215 1020 per-

136 1032 260 1094 tinentiis
274 1033 408 1111 ejusdem,
438 1046 466 1096 et
493 1053 544 1114 pro
561 1035 691 1115 predictis
716 1036 874 1116 homagium
903 1036 998 1116 ligium
1026 1037 1115 1098 eidem
1138 1036 1213 1111 fecit,

138 1129 243 1210 scripta
255 1130 307 1192 sub
319 1132 464 1211 anno'Dr'ri
484 1138 676 1209 M⁰CC0LIII⁰,
691 1134 788 1196 indict.
804 1146 857 1195 111².

182 1245 249 1304 373.
267 1234 346 1303 Item,
359 1227 445 1309 quod.
456 1228 667 1292 instrumentum
682 1232 813 1313 scriptum
822 1251 904 1292 manu
916 1229 1075 1313 berengarii
1084 1230 1212 1310 Crispini,

137 1322 190 1383 sub
205 1341 279 1384 anno
296 1323 349 1384 Diri
365 1329 465 1385 II⁰CC⁰
481 1336 595 1406 octuagt
610 1333 684 1402 VII⁰,
702 1341 741 1388 nra
755 1327 921 1408 septenbris,
935 1327 1216 1390 continensinventa-

138 1418 208 1478 rium
224 1413 361 1481 bonorum
377 1435 553 1501 receptorum
571 1423 719 1485 alobanne
730 1424 765 1485 de
779 1431 869 1485 Cruce
888 1437 895 1467 ¹
912 1444 962 1504 per
984 1424 1162 1486 Jacelmetum
1178 1424 1214 1485 de

139 1517 330 1598 Prayvellum,
346 1518 525 1582 castellanum
550 1519 586 1582 de
603 1521 690 1597 Valle,
718 1521 830 1582 nomine
859 1520 932 1581 dom¹
949 1520 1072 1602 dalphini
1102 1521 1215 1584 racione

138 1613 213 1675 dicte
231 1613 400 1676 castellanie.

182 1723 249 1784 374.
270 1713 337 1768 Item
359 1721 498 1787 repertum
515 1723 558 1772 est
577 1710 663 1791 quod.
693 1711 851 1773 memoriale
879 1710 987 1772 comitis
1012 1709 1213 1786 Gebennensis,

137 1802 286 1865 continens
297 1804 461 1867 concordias
474 1806 562 1869 factas
577 1807 649 1869 inter
662 1807 751 1888 ipsum
765 1808 893 1869 comitem
908 1821 935 1868 et
957 1807 1033 1868 dom.
1061 1806 1215 1887 Guigonem

136 1899 282 1965 dominum
300 1900 470 1981 Fucigniaci,
493 1921 578 1984 super
594 1917 685 1966 castro
714 1903 846 1980 Gallardi‚
877 1902 962 1964 videl.
985 1902 1058 1983 quod
1087 1902 1216 1964 dommus

138 1996 300 2077 Fucigniaci
310 1998 398 2076 possit
409 1998 501 2060 facere
515 2013 630 2081 guerras
646 2015 742 2063 contra
757 2018 946 2082 quascumque
960 2017 1094 2079 personas
1109 2012 1137 2060 et
1150 2017 1216 2061 con-

136 2110 180 2157 tra
195 2095 326 2157 comitem
356 2095 505 2174 sabaudie,
536 2111 564 2161 et
588 2100 666 2180 plura
681 2100 734 2161 alia
755 2101 850 2181 quein
866 2099 942 2161 dicto
956 2097 1109 2160 memoriali
1124 2098 1216 2159 conti·
1246 2089 1250 2095 ’

136 2206 241 2255 nentur
256 2192 430 2274 sigillatoque
447 2194 556 2257 duobus
568 2195 663 2276 sigillis
676 2196 704 2258 in
715 2196 857 2277 pendenti.

180 2309 249 2370 375.
265 2296 344 2366 Item,
359 2290 444 2371 qued.
460 2291 550 2353 littera
576 2292 654 2371 cujus
671 2292 788 2373 sigillum
815 2310 871 2353 non
900 2303 1026 2371 apparet,
1048 2289 1150 2370 scripta
1164 2289 1216 2351 sub

137 2406 214 2448 anno
231 2385 285 2447 Diri
300 2391 544 2464 Mocc⁰xxxrx⁰,
558 2406 592 2447 vo
608 2387 670 2450 idus
683 2388 777 2463 madii,
795 2387 939 2449 continens
966 2385 1041 2467 quod
1056 2384 1217 2446 Guillelmus

139 2483 272 2545 Richardi
289 2497 317 2545 et
329 2481 399 2545 uiror
412 2485 531 2547 condam
547 2485 622 2547 Petri
639 2486 674 2547 de
692 2485 867 2565 Bellagarda,
893 2495 981 2544 mater
995 2495 1022 2543 et
1035 2481 1120 2543 tutrix
1146 2481 1217 2543 libe-

136 2601 234 2656 rorum
247 2581 382 2661 ejusdem,
397 2595 480 2664 atque
492 2582 663 2646 locerandus
677 2582 788 2664 bymari
818 2581 921 2643 tutorio
946 2581 1058 2642 nomine
1074 2591 1218 2641 cesserunt

135 2678 342 2759 imperpetuum
368 2692 488 2741 castrum
509 2680 544 2741 de
568 2680 645 2742 Bella
672 2679 783 2740 Guarda
807 2678 859 2740 sub
874 2677 995 2740 dominio
1008 2677 1170 2739 Viennensis
1180 2690 1208 2738 et

137 2776 255 2839 Albonis
269 2777 427 2852 comitatus,
442 2778 532 2858 ipsum
549 2791 670 2840 castrum
687 2778 722 2838 de
736 2775 821 2838 feudo
835 2774 958 2854 ejusdem
970 2775 1117 2837 comitatus
1127 2775 1217 2838 sussi-

139 2874 249 2955 pientes
257 2874 286 2935 in
300 2874 412 2937 feudum
427 2875 573 2937 reddibile.
748 2926 756 2934 ,

183 2970 250 3047 376.
267 2978 346 3047 Item,
378 2972 463 3053 qued.
487 2972 577 3034 littera
595 2973 697 3052 scripta
725 2989 798 3033 anno
816 2971 869 3032 nni
887 2976 1048 3046 M⁰CC⁰LI⁰,
1069 2980 1121 3031 vn⁰
1144 2971 1217 3054 ydus

139 3066 310 3148 septenbris,
345 3068 491 3131 continens
524 3069 600 3150 quod
639 3067 765 3149 Philippa
794 3068 934 3131 comitissa
964 3068 1109 3130 Valentina
1140 3068 1217 3131 dedit

140 3163 275 3244 Rogerio,
301 3163 358 3226 filio
385 3164 438 3236 viri
458 3164 557 3227 nobilis
583 3150 658 3227 Petri
683 3165 843 3240 Bermondi,
874 3176 994 3230 castrum
1010 3179 1037 3227 et
1062 3177 1164 3226 terram
1179 3165 1215 3226 de

139 3261 287 3342 Clayriaco
303 3273 331 3323 et
340 3262 416 3342 quod
431 3262 549 3343 rogabat
560 3263 636 3340 dom.
654 3263 809 3344 Guigonem
834 3263 993 3343 dalphinum
1018 3263 1093 3344 quod
1110 3261 1213 3323 dictum

139 3358 292 3438 Rogerium
304 3358 437 3422 retineret
447 3359 482 3421 de
493 3360 566 3422 dIcta
581 3373 656 3422 terra
670 3373 698 3422 et
710 3359 863 3423 investiret.

183 3472 251 3531 377.
269 3461 348 3533 Item,
358 3456 443 3536 quod.
460 3456 579 3518 vidimus
593 3457 695 3519 iactum
711 3441 763 3518 sub
775 3476 849 3518 anno
870 3455 923 3516 Diti
937 3459 1156 3529 M⁰111cxxxv⁰,
1171 3452 1216 3515 die

136 3549 249 3612 sabbati
266 3551 294 3612 in
312 3552 383 3615 festo
407 3552 433 3614 b¹
455 3552 565 3615 Martini
587 3551 732 3634 hyemalis,
757 3552 889 3632 scriptum
916 3571 998 3612 manu
1021 3549 1153 3613 Iohannis
1181 3550 1216 3612 de

136 3647 294 3728 Polongiis,
311 3649 455 3712 continens
470 3663 665 3711 testamentum
691 3648 821 3730 Sylvonis'
838 3648 873 3710 de
890 3648 1044 3730 Clayriaco.
1142 3660 1147 3671 “

182 3745 250 3822 378.
269 3753 348 3822 Item,
365 3747 451 3827 quod.
473 3747 685 3809 instrumentum
698 3745 828 3825 scriptum
851 3765 933 3806 manu
954 3744 1083 3826 Stephani
1102 3743 1216 3806 Roberti

132 3845 173 3906 de
191 3825 322 3923 Vapinco'
329 3843 428 3905 notarii
442 3844 519 3925 publ.
535 3859 563 3907 et
573 3845 711 3925 signatum
722 3843 806 3925 signis
824 3844 939 3905 aliorum
964 3862 1013 3904 sex
1031 3843 1212 3917 notariorum,

128 3942 189 4008 sub
214 3959 290 4030 anno
319 3942 374 4003 Diri
396 3949 565 4018 M⁰III⁶XL⁰‚
581 3942 666 4004 indic.
684 3954 758 4016 vura,
781 3941 826 4002 die
840 3953 888 4001 xx³
909 3939 1011 4002 mensis
1032 3938 1109 4019 junii,
1128 3937 1216 4000 conti·

173 4164 196 4202 I.
216 4144 251 4199 Aa
265 4145 357 4200 Turre.
