2716 4784
584 453 626 465 .-
649 432 702 498 ¹79
723 455 762 466 .-

129 562 226 612 memo
241 551 409 613 Turris-Piri
420 563 448 613 et
458 551 486 613 itr
499 548 699 612 mandamentis
715 549 753 612 de
771 548 886 626 Vourei,
901 548 1015 612 Albonis
1032 561 1060 612 et
1074 549 1168 623 Vallis,
1181 563 1209 611 et

127 647 317 710 terminum...
1243 646 1245 651 ’

174 761 261 825 turs.
283 752 367 819 item,
391 742 478 824 quod.
500 743 712 805 instrumentum
734 744 810 823 publ.
844 743 977 823 scriptum
1001 763 1086 804 manu
1106 742 1213 804 numbt

129 840 213 902 Pilati
228 854 288 903 not.
307 839 375 920 pub.
401 839 452 900 sub
464 858 539 900 annu
556 839 610 901 Diri
627 843 907 917 M⁰CCC⁰XXXVll⁶,
923 840 1020 902 indict.
1036 853 1077 917 vt,
1092 839 1139 901 die
1152 851 1210 902 un*

129 939 235 1001 mensis
265 937 406 1014 febroarii,
429 937 575 999 continens
606 937 765 1018 homagium
783 937 879 1019 ligium
895 938 1040 1020 prestitum
1064 957 1115 1019 per
1130 938 1206 1002 dom.

128 1036 284 1098 hmedeum
299 1035 336 1097 de
347 1034 640 1111 Rossillone'militem,
657 1035 855 1097 condominum
869 1036 1028 1118 Roschagii.

177 1131 260 1192 1016.
278 1133 357 1208 item,
374 1133 460 1213 quod.
476 1132 688 1195 instrumentum
699 1132 743 1214 (rt
750 1132 887 1215 praeced),
899 1133 1084 1196 dierrtmens.
1100 1132 1210 1197 febroa-

129 1228 178 1305 rii,
201 1229 347 1311 susstinens
373 1230 530 1310 homagium
559 1229 653 1311 ligium
670 1230 813 1310 prestitum
834 1250 885 1311 per
899 1230 975 1293 dom.
996 1229 1212 1314 H(umhertum)

130 1326 169 1388 de
183 1326 290 1388 Vilariis
300 1327 378 1388 dom⁰
392 1327 524 1407 delphino
543 1339 574 1388 et
593 1326 816 1408 recognitionem
833 1327 991 1408 peripsum
1008 1328 1109 1390 lacurn
1127 1340 1211 1409 prout

129 1437 336 1503 recognoverat
347 1436 426 1504 pater
439 1441 515 1497 suus,
538 1437 620 1503 prout
638 1422 666 1484 in
681 1423 767 1504 quod.
785 1424 967 1488 instrumento
987 1424 1042 1488 alio
1065 1425 1212 1507 designato

130 1519 162 1581 in
175 1519 275 1582 eodem
291 1519 413 1600 presenti
422 1519 514 1581 instrP
528 1506 707 1582 continetur.⁴
752 1506 759 1511 ’

178 1635 263 1695 ¹0¹7·
278 1623 358 1692 ltem,
372 1615 458 1697 quod.
473 1615 550 1696 publ.
566 1615 777 1678 instrumentum
792 1616 926 1697 scriptum
932 1635 1017 1680 manu
1031 1616 1163 1680 lobannis
1174 1617 1212 1680 do

131 1717 241 1775 sancto
270 1713 396 1790 Denisio,
423 1712 585 1775 habitatoris
612 1712 770 1790 Bellivisus,
794 1713 850 1774 'suh
880 1733 955 1777 anno
984 1720 1093 1775 lncarn.
1122 1714 1211 1777 Ditice

124 1815 348 1884 -M0CCC0V1110,
364 1809 409 1870 die
424 1809 531 1871 sabbati
542 1823 606 1889 post
625 1809 725 1871 festum
735 1809 762 1871 b'
775 1817 861 1886 Luce,
880 1810 1024 1872 continens
1036 1809 1112 1890 quod
1131 1809 1208 1873 dom.

132 1904 305 1968 Humbertus
319 1905 354 1966 de
377 1904 484 1966 Vilariis
496 1904 585 1980 miles,
601 1904 732 1967 dominns
757 1906 793 1967 de
816 1905 949 1982 Thoeria,
962 1904 1040 1967 dedit
1053 1905 1132 1967 dom⁰
1152 1906 1210 1967 dal-

129 2002 220 2083 phino
234 2000 352 2064 iohanni
368 2001 441 2063 bone
467 2001 602 2063 memorie
614 2015 735 2064 castrum
748 2001 784 2064 de
800 2002 908 2066 vilariis
922 2015 950 2066 et
962 2003 997 2064 de
1011 2001 1142 2064 Poncinis
1155 2002 1210 2064 do-

130 2099 247 2162 natione
260 2097 375 2177 simplici
386 2098 458 2160 inter
478 2098 572 2180 vivos,
586 2112 614 2160 et
627 2098 702 2160 idem
718 2099 794 2178 dom.
812 2100 957 2182 delphinus
970 2101 1095 2183 predicta
1119 2115 1212 2164 castra

131 2193 212 2258 dedit
221 2193 249 2255 in
263 2193 375 2256 feudum
390 2195 467 2257 dicto
478 2195 592 2257 domino
607 2195 642 2256 de
661 2196 769 2277 vilariis
783 2210 812 2260 et
826 2197 900 2260 idem
913 2199 1041 2261 dominus
1055 2199 1091 2261 de
1103 2198 1213 2262 Vilariis

131 2313 186 2375 pro
199 2293 341 2374 premissis
352 2293 418 2355 fecit
433 2293 591 2374 homagium
604 2293 704 2375 legium
720 2294 811 2356 eidem
830 2295 906 2358 dom.
926 2297 1045 2359 iohanni
1066 2296 1209 2378 dalphino.

181 2392 267 2454 toth.
284 2399 365 2468 Item,
392 2390 479 2472 quod.
502 2391 713 2453 instrumentum
740 2392 818 2473 publ.
847 2393 979 2474 scripturn
1003 2412 1089 2456 manu
1111 2393 1211 2457 Humb¹

133 2488 229 2563 Pilati,
258 2487 312 2549 sub
332 2507 407 2549 anno
425 2488 479 2549 Diri
508 2493 763 2564 M0CCC0XXXV0,
785 2487 881 2550 indict.
902 2505 955 2566 111³,
976 2489 1021 2551 die
1036 2508 1093 2551 xxu
1109 2490 1211 2553 mensis

131 2584 312 2666 septembris,
327 2579 472 2665 continens
482 2584 640 2665 homagium
647 2583 741 2664 ligium
753 2584 896 2664 prestitum
909 2605 960 2666 per
969 2584 1044 2649 dom.
1058 2587 1213 2650 Amedeunt

132 2683 170 2746 de
189 2682 366 2757 Rossillione,
383 2683 524 2744 dominum
541 2681 700 2763 Boschagii,
712 2681 790 2742 dom⁰
804 2681 936 2761 dalphino
950 2696 978 2744 et
993 2684 1212 2765 recognitionem

131 2780 289 2863 peripsum
305 2781 406 2842 factam
421 2780 456 2842 de
472 2795 563 2842 castro
581 2799 634 2842 suo
647 2799 696 2841 seu
710 2779 842 2841 dedomo
859 2799 908 2842 sua
924 2779 988 2842 forti
1006 2781 1099 2843 Sancti
1112 2780 1213 2842 iuliani

132 2878 170 2939 de
181 2877 349 2958 Boschagio,
362 2896 424 2940 cum
439 2877 543 2957 iuribus
551 2890 580 2939 et
592 2875 764 2958 pertinentiis
781 2877 849 2953 suis,
866 2889 894 2939 et
906 2876 944 2938 de
955 2876 1006 2939 hiis
1021 2877 1168 2958 quehabet
1183 2877 1212 2939 in

132 2974 289 3056 parrochiis
308 2975 401 3037 Sancti
423 2975 521 3037 tuliani
536 2975 654 3056 predicti
679 2985 708 3037 et
730 2974 766 3037 de
781 2974 966 3052 Bezeruncia,
981 2975 1020 3038 do
1032 2975 1162 3055 Briuntz,
1176 2976 1215 3038 de

135 3072 227 3134 creis
1203 3076 1205 3081 '

181 3186 265 3250 ¹0¹9·
281 3177 361 3244 Item,
373 3168 459 3249 quod.
477 3167 688 3230 instrumentum
702 3169 835 3250 scriptum
849 3188 933 3231 manu
946 3168 1050 3233 Albetti
1067 3170 1103 3233 do
1122 3175 1216 3254 bray-²¹

134 3268 174 3329 da
182 3281 244 3330 not.
260 3267 330 3348 pub.
344 3267 396 3329 sub
410 3285 485 3328 annu
498 3266 552 3328 Diri
574 3271 778 3342 inceditur,
803 3284 822 3327 ιι
839 3265 949 3344 indict,
961 3266 1007 3329 die
1023 3266 1118 3329 ultima
1131 3285 1213 3329 men-

135 3365 176 3427 sis
191 3364 286 3441 madii,
301 3364 446 3426 continens
460 3362 618 3444 homagium
640 3376 668 3426 et
687 3362 905 3444 recognitionem
926 3363 1028 3426 iactum
1045 3381 1096 3442 por
1114 3361 1225 3443 ilugo·'

134 3474 233 3524 netum
250 3461 285 3522 de
296 3466 398 3523 Sancto
410 3460 532 3536 Andrea,
546 3459 583 3522 de
595 3465 698 3522 Sancto
709 3462 860 3537 Germano,
878 3459 958 3521 dom·
971 3458 1113 3540 dalphino.

150 3575 267 3645 uroro.
293 3564 373 3634 Item,
399 3557 486 3637 quod.
517 3556 597 3637 publ.
620 3555 832 3618 instrumentum
856 3557 988 3637 scripturn
1008 3572 1094 3618 manu
1112 3554 1217 3617 nonu

137 3654 220 3717 Pilati
236 3668 295 3716 not.
314 3654 382 3736 pub.
406 3654 458 3716 sub
479 3673 552 3716 anno
581 3653 634 3715 uti
657 3659 942 3737 MffCCC⁰XXXVllQ
966 3652 1082 3733 septim
1102 3650 1216 3728 indict,

137 3752 183 3814 die
195 3750 290 3813 ultima
297 3750 400 3813 mensis
411 3750 537 3831 januarii,
556 3750 703 3812 continens
718 3749 876 3830 homagium
891 3749 985 3829 ligium
1001 3748 1145 3829 prestitum
1165 3760 1216 3830 per

137 3849 216 3910 dom.
232 3848 388 3929 Guigonem
402 3847 436 3910 de
451 3847 606 3910 Rossillone
621 3847 745 3922 militem,
764 3845 959 3908 condomirtum
975 3845 1123 3928 Bochagii,
1137 3846 1218 3909 dom*

138 3946 270 4027 dalphino
284 3945 434 4009 Viennensi
448 3938 711 4026 etrecognicionem
733 3962 785 4025 per
796 3942 974 4005 suminatam
997 3940 1036 4004 de
1056 3941 1145 4003 domo
1165 3960 1216 4005 stra

137 4045 203 4107 forti
214 4046 307 4108 Sancti
322 4045 419 4106 Juliani
430 4057 457 4106 et
466 4045 501 4106 de
510 4044 633 4126 pluribus
648 4042 707 4104 aliis
721 4055 752 4104 ut
766 4041 923 4103 continetur
932 4039 960 4101 in
970 4038 1060 4102 instro
1074 4039 1154 4119 pred.

184 4160 270 4206 tort.
288 4141 464 4223 itemqoed.
480 4141 562 4204 litere
572 4153 730 4210 emanatoa
752 4139 834 4202 ouius
849 4137 1028 4202 Heinrlcode
1038 4136 1213 4218 'Burgtmdin
