<?xml version="1.0" encoding="UTF-8"?>
<!DOCTYPE html PUBLIC "-//W3C//DTD XHTML 1.0 Transitional//EN"
    "http://www.w3.org/TR/xhtml1/DTD/xhtml1-transitional.dtd">
<html xmlns="http://www.w3.org/1999/xhtml" xml:lang="en" lang="en">
 <head>
  <title>
</title>
<meta http-equiv="Content-Type" content="text/html;charset=utf-8" />
  <meta name='ocr-system' content='tesseract 3.04.00' />
  <meta name='ocr-capabilities' content='ocr_page ocr_carea ocr_par ocr_line ocrx_word'/>
</head>
<body>
  <div class='ocr_page' id='page_1' title='image "./inventairedesar01glgoog/inventairedesar01glgoog_0141.png"; bbox 0 0 2716 4784; ppageno 0'>
   <div class='ocr_carea' id='block_1_1' title="bbox 50 4079 560 4160">
    <p class='ocr_par' dir='ltr' id='par_1_1' title="bbox 50 4079 560 4160">
     <span class='ocr_line' id='line_1_1' title="bbox 50 4079 560 4160; baseline 0.006 -26"><span class='ocrx_word' id='word_1_1' title='bbox 50 4109 56 4120; x_wconf 93' lang='lat'><em>·</em></span> <span class='ocrx_word' id='word_1_2' title='bbox 138 4079 283 4160; x_wconf 80' lang='lat' dir='ltr'><strong>tionopolim</strong></span> <span class='ocrx_word' id='word_1_3' title='bbox 298 4099 343 4154; x_wconf 88' lang='lat' dir='ltr'><strong>pro</strong></span> <span class='ocrx_word' id='word_1_4' title='bbox 362 4080 470 4138; x_wconf 84' lang='lat' dir='ltr'><strong>domino.</strong></span> <span class='ocrx_word' id='word_1_5' title='bbox 494 4113 520 4123; x_wconf 93' lang='lat'>-</span> <span class='ocrx_word' id='word_1_6' title='bbox 536 4099 560 4137; x_wconf 88' lang='lat'><strong>2.</strong></span> 
     </span>
    </p>
   </div>
   <div class='ocr_carea' id='block_1_2' title="bbox 592 425 768 472">
    <p class='ocr_par' dir='ltr' id='par_1_2' title="bbox 592 425 768 472">
     <span class='ocr_line' id='line_1_2' title="bbox 592 425 768 472; baseline 0 0"><span class='ocrx_word' id='word_1_7' title='bbox 592 425 768 472; x_wconf 85' lang='lat' dir='ltr'><strong>—tlo-</strong></span> 
     </span>
    </p>
   </div>
   <div class='ocr_carea' id='block_1_3' title="bbox 93 539 1223 3930">
    <p class='ocr_par' dir='ltr' id='par_1_3' title="bbox 140 539 1211 1305">
     <span class='ocr_line' id='line_1_3' title="bbox 189 539 1211 624; baseline -0.002 -20"><span class='ocrx_word' id='word_1_8' title='bbox 189 559 253 624; x_wconf 85' lang='lat'><strong>592.</strong></span> <span class='ocrx_word' id='word_1_9' title='bbox 276 547 355 619; x_wconf 85' lang='lat' dir='ltr'>Item,</span> <span class='ocrx_word' id='word_1_10' title='bbox 383 542 469 624; x_wconf 89' lang='lat' dir='ltr'><strong>quod.</strong></span> <span class='ocrx_word' id='word_1_11' title='bbox 494 542 572 622; x_wconf 90' lang='lat' dir='ltr'>publ.</span> <span class='ocrx_word' id='word_1_12' title='bbox 594 542 805 605; x_wconf 81' lang='lat' dir='ltr'>instrumentum</span> <span class='ocrx_word' id='word_1_13' title='bbox 825 541 960 622; x_wconf 89' lang='lat' dir='ltr'><strong>scriptum</strong></span> <span class='ocrx_word' id='word_1_14' title='bbox 983 559 1069 603; x_wconf 89' lang='lat' dir='ltr'><strong>manu</strong></span> <span class='ocrx_word' id='word_1_15' title='bbox 1095 539 1211 607; x_wconf 87' lang='lat' dir='ltr'><strong>Durandi</strong></span> 
     </span>
     <span class='ocr_line' id='line_1_4' title="bbox 145 637 1207 724; baseline -0.002 -22"><span class='ocrx_word' id='word_1_16' title='bbox 145 641 306 724; x_wconf 83' lang='lat' dir='ltr'><strong>Rostangnii</strong></span> <span class='ocrx_word' id='word_1_17' title='bbox 318 641 354 703; x_wconf 92' lang='lat' dir='ltr'><strong>de</strong></span> <span class='ocrx_word' id='word_1_18' title='bbox 371 639 508 703; x_wconf 79' lang='lat' dir='ltr'><strong>Foneanis</strong></span> <span class='ocrx_word' id='word_1_19' title='bbox 521 638 633 716; x_wconf 89' lang='lat' dir='ltr'><strong>notarii,</strong></span> <span class='ocrx_word' id='word_1_20' title='bbox 650 637 702 701; x_wconf 87' lang='lat' dir='ltr'><strong>sub</strong></span> <span class='ocrx_word' id='word_1_21' title='bbox 718 658 792 701; x_wconf 92' lang='lat' dir='ltr'><strong>anno</strong></span> <span class='ocrx_word' id='word_1_22' title='bbox 809 639 924 703; x_wconf 84' lang='lat' dir='ltr'><strong>Nativit.</strong></span> <span class='ocrx_word' id='word_1_23' title='bbox 942 638 998 701; x_wconf 81' lang='lat' dir='ltr'><strong>Diti</strong></span> <span class='ocrx_word' id='word_1_24' title='bbox 1011 641 1207 710; x_wconf 62' lang='lat' dir='ltr'><strong>Mullcxxllt</strong></span> 
     </span>
     <span class='ocr_line' id='line_1_5' title="bbox 142 737 1209 818; baseline -0.002 -18"><span class='ocrx_word' id='word_1_25' title='bbox 142 737 187 800; x_wconf 92' lang='lat' dir='ltr'><strong>die</strong></span> <span class='ocrx_word' id='word_1_26' title='bbox 204 753 278 801; x_wconf 76' lang='lat' dir='ltr'><strong>xrnra</strong></span> <span class='ocrx_word' id='word_1_27' title='bbox 291 739 394 801; x_wconf 86' lang='lat' dir='ltr'>mensis</span> <span class='ocrx_word' id='word_1_28' title='bbox 407 738 514 811; x_wconf 90' lang='lat' dir='ltr'><strong>marcii,</strong></span> <span class='ocrx_word' id='word_1_29' title='bbox 529 737 676 799; x_wconf 90' lang='lat' dir='ltr'><strong>continens</strong></span> <span class='ocrx_word' id='word_1_30' title='bbox 686 749 847 818; x_wconf 89' lang='lat' dir='ltr'><strong>computum</strong></span> <span class='ocrx_word' id='word_1_31' title='bbox 857 750 885 800; x_wconf 89' lang='lat' dir='ltr'><strong>et</strong></span> <span class='ocrx_word' id='word_1_32' title='bbox 896 750 1034 801; x_wconf 84' lang='lat' dir='ltr'><strong>arrestum</strong></span> <span class='ocrx_word' id='word_1_33' title='bbox 1047 737 1151 801; x_wconf 83' lang='lat' dir='ltr'><strong>lactum</strong></span> <span class='ocrx_word' id='word_1_34' title='bbox 1166 754 1209 818; x_wconf 89' lang='lat' dir='ltr'><strong>per</strong></span> 
     </span>
     <span class='ocr_line' id='line_1_6' title="bbox 142 832 1209 924; baseline 0 -29"><span class='ocrx_word' id='word_1_35' title='bbox 142 833 260 924; x_wconf 80' lang='lat' dir='ltr'><strong>heredes</strong></span> <span class='ocrx_word' id='word_1_36' title='bbox 274 834 413 917; x_wconf 78' lang='lat' dir='ltr'><strong>(andree)</strong></span> <span class='ocrx_word' id='word_1_37' title='bbox 427 833 534 915; x_wconf 86' lang='lat' dir='ltr'><strong>Czuppi</strong></span> <span class='ocrx_word' id='word_1_38' title='bbox 549 853 611 896; x_wconf 91' lang='lat' dir='ltr'><strong>cum</strong></span> <span class='ocrx_word' id='word_1_39' title='bbox 628 832 756 914; x_wconf 89' lang='lat' dir='ltr'><strong>gentibus</strong></span> <span class='ocrx_word' id='word_1_40' title='bbox 770 846 798 896; x_wconf 92' lang='lat' dir='ltr'><strong>et</strong></span> <span class='ocrx_word' id='word_1_41' title='bbox 813 833 979 898; x_wconf 82' lang='lat' dir='ltr'><strong>comissaris</strong></span> <span class='ocrx_word' id='word_1_42' title='bbox 997 833 1075 897; x_wconf 89' lang='lat' dir='ltr'><strong>dom¹</strong></span> <span class='ocrx_word' id='word_1_43' title='bbox 1095 833 1209 915; x_wconf 84' lang='lat' dir='ltr'><strong>llugonis</strong></span> 
     </span>
     <span class='ocr_line' id='line_1_7' title="bbox 144 929 1209 1013; baseline -0.001 -20"><span class='ocrx_word' id='word_1_44' title='bbox 144 932 283 1013; x_wconf 86' lang='lat' dir='ltr'><strong>Dalphini,</strong></span> <span class='ocrx_word' id='word_1_45' title='bbox 302 931 406 994; x_wconf 91' lang='lat' dir='ltr'><strong>domini</strong></span> <span class='ocrx_word' id='word_1_46' title='bbox 426 930 595 1011; x_wconf 83' lang='lat' dir='ltr'><strong>Fucigniaci,</strong></span> <span class='ocrx_word' id='word_1_47' title='bbox 608 930 644 992; x_wconf 92' lang='lat' dir='ltr'><strong>de</strong></span> <span class='ocrx_word' id='word_1_48' title='bbox 662 929 795 1011; x_wconf 87' lang='lat' dir='ltr'><strong>regimine</strong></span> <span class='ocrx_word' id='word_1_49' title='bbox 812 936 840 993; x_wconf 86' lang='lat' dir='ltr'><strong>et</strong></span> <span class='ocrx_word' id='word_1_50' title='bbox 853 931 1104 994; x_wconf 81' lang='lat' dir='ltr'><strong>amministratione</strong></span> <span class='ocrx_word' id='word_1_51' title='bbox 1120 929 1209 1013; x_wconf 82' lang='lat' dir='ltr'><strong>baylli-</strong></span> 
     </span>
     <span class='ocr_line' id='line_1_8' title="bbox 140 1016 1208 1110; baseline 0.002 -19"><span class='ocrx_word' id='word_1_52' title='bbox 140 1028 323 1110; x_wconf 79' lang='lat' dir='ltr'><strong>viatusipsius</strong></span> <span class='ocrx_word' id='word_1_53' title='bbox 333 1028 436 1090; x_wconf 89' lang='lat' dir='ltr'><strong>domini</strong></span> <span class='ocrx_word' id='word_1_54' title='bbox 447 1029 475 1105; x_wconf 84' lang='lat' dir='ltr'><strong>in</strong></span> <span class='ocrx_word' id='word_1_55' title='bbox 490 1025 727 1110; x_wconf 85' lang='lat' dir='ltr'><strong>Grayssivodano,</strong></span> <span class='ocrx_word' id='word_1_56' title='bbox 736 1042 765 1091; x_wconf 90' lang='lat' dir='ltr'><strong>et</strong></span> <span class='ocrx_word' id='word_1_57' title='bbox 773 1016 966 1092; x_wconf 75' lang='lat' dir='ltr'><strong>remanserint</strong></span> <span class='ocrx_word' id='word_1_58' title='bbox 976 1027 1116 1095; x_wconf 77' lang='lat' dir='ltr'>debentes</span> <span class='ocrx_word' id='word_1_59' title='bbox 1129 1042 1208 1095; x_wconf 85' lang='lat' dir='ltr'><strong>certat</strong></span> 
     </span>
     <span class='ocr_line' id='line_1_9' title="bbox 142 1124 1209 1208; baseline 0.004 -20"><span class='ocrx_word' id='word_1_60' title='bbox 142 1125 259 1207; x_wconf 84' lang='lat' dir='ltr'><strong>pecunie</strong></span> <span class='ocrx_word' id='word_1_61' title='bbox 281 1127 447 1208; x_wconf 84' lang='lat' dir='ltr'><strong>quantitates</strong></span> <span class='ocrx_word' id='word_1_62' title='bbox 473 1139 500 1187; x_wconf 90' lang='lat' dir='ltr'><strong>et</strong></span> <span class='ocrx_word' id='word_1_63' title='bbox 520 1124 681 1202; x_wconf 87' lang='lat' dir='ltr'><strong>bladorum,</strong></span> <span class='ocrx_word' id='word_1_64' title='bbox 702 1137 730 1186; x_wconf 90' lang='lat' dir='ltr'><strong>et</strong></span> <span class='ocrx_word' id='word_1_65' title='bbox 754 1124 821 1188; x_wconf 88' lang='lat' dir='ltr'><strong>dict.</strong></span> <span class='ocrx_word' id='word_1_66' title='bbox 846 1125 975 1189; x_wconf 84' lang='lat' dir='ltr'><strong>dominus</strong></span> <span class='ocrx_word' id='word_1_67' title='bbox 996 1127 1106 1192; x_wconf 87' lang='lat' dir='ltr'><strong>eisdem</strong></span> <span class='ocrx_word' id='word_1_68' title='bbox 1129 1140 1209 1192; x_wconf 78' lang='lat' dir='ltr'><strong>certas</strong></span> 
     </span>
     <span class='ocr_line' id='line_1_10' title="bbox 142 1223 916 1305; baseline 0.005 -21"><span class='ocrx_word' id='word_1_69' title='bbox 142 1224 309 1304; x_wconf 81' lang='lat' dir='ltr'><strong>quantitates</strong></span> <span class='ocrx_word' id='word_1_70' title='bbox 318 1224 447 1305; x_wconf 86' lang='lat' dir='ltr'><strong>pecunie,</strong></span> <span class='ocrx_word' id='word_1_71' title='bbox 461 1237 491 1286; x_wconf 89' lang='lat' dir='ltr'><strong>ut</strong></span> <span class='ocrx_word' id='word_1_72' title='bbox 505 1223 533 1284; x_wconf 93' lang='lat' dir='ltr'><strong>in</strong></span> <span class='ocrx_word' id='word_1_73' title='bbox 548 1223 609 1304; x_wconf 90' lang='lat' dir='ltr'><strong>ipso</strong></span> <span class='ocrx_word' id='word_1_74' title='bbox 622 1223 715 1285; x_wconf 73' lang='lat' dir='ltr'><strong>instrto</strong></span> <span class='ocrx_word' id='word_1_75' title='bbox 727 1223 884 1287; x_wconf 87' lang='lat' dir='ltr'><strong>continetur</strong></span> <span class='ocrx_word' id='word_1_76' title='bbox 894 1237 916 1288; x_wconf 83' lang='lat'><strong>¹.</strong></span> 
     </span>
    </p>

    <p class='ocr_par' dir='ltr' id='par_1_4' title="bbox 143 1311 1209 1595">
     <span class='ocr_line' id='line_1_11' title="bbox 188 1311 1208 1403; baseline 0.002 -22"><span class='ocrx_word' id='word_1_77' title='bbox 188 1338 252 1400; x_wconf 84' lang='lat'><strong>593.</strong></span> <span class='ocrx_word' id='word_1_78' title='bbox 270 1311 448 1401; x_wconf 70' lang='lat' dir='ltr'><strong>ltem,‹&#39;1uod.</strong></span> <span class='ocrx_word' id='word_1_79' title='bbox 464 1320 500 1381; x_wconf 92' lang='lat' dir='ltr'><strong>al.</strong></span> <span class='ocrx_word' id='word_1_80' title='bbox 517 1320 729 1382; x_wconf 84' lang='lat' dir='ltr'><strong>instrumentum</strong></span> <span class='ocrx_word' id='word_1_81' title='bbox 744 1339 827 1381; x_wconf 91' lang='lat' dir='ltr'><strong>manu</strong></span> <span class='ocrx_word' id='word_1_82' title='bbox 839 1320 970 1384; x_wconf 76' lang='lat' dir='ltr'><strong>Anthonii</strong></span> <span class='ocrx_word' id='word_1_83' title='bbox 986 1322 1129 1403; x_wconf 87' lang='lat' dir='ltr'><strong>Enaperii,</strong></span> <span class='ocrx_word' id='word_1_84' title='bbox 1146 1339 1208 1385; x_wconf 87' lang='lat' dir='ltr'><strong>anno</strong></span> 
     </span>
     <span class='ocr_line' id='line_1_12' title="bbox 145 1416 1209 1500; baseline 0.004 -22"><span class='ocrx_word' id='word_1_85' title='bbox 145 1419 362 1495; x_wconf 64' lang='lat' dir='ltr'><strong>wlll‘xxlllo,</strong></span> <span class='ocrx_word' id='word_1_86' title='bbox 384 1418 531 1499; x_wconf 86' lang='lat' dir='ltr'><strong>sigillatum</strong></span> <span class='ocrx_word' id='word_1_87' title='bbox 552 1418 581 1479; x_wconf 94' lang='lat' dir='ltr'><strong>in</strong></span> <span class='ocrx_word' id='word_1_88' title='bbox 601 1416 732 1498; x_wconf 86' lang='lat' dir='ltr'><strong>pendenti</strong></span> <span class='ocrx_word' id='word_1_89' title='bbox 747 1417 836 1500; x_wconf 89' lang='lat' dir='ltr'><strong>sigillo</strong></span> <span class='ocrx_word' id='word_1_90' title='bbox 854 1418 919 1482; x_wconf 89' lang='lat' dir='ltr'><strong>dicti</strong></span> <span class='ocrx_word' id='word_1_91' title='bbox 938 1418 1057 1498; x_wconf 90' lang='lat' dir='ltr'><strong>domini,</strong></span> <span class='ocrx_word' id='word_1_92' title='bbox 1075 1420 1209 1485; x_wconf 88' lang='lat' dir='ltr'><strong>continens</strong></span> 
     </span>
     <span class='ocr_line' id='line_1_13' title="bbox 143 1513 686 1595; baseline 0.002 -20"><span class='ocrx_word' id='word_1_93' title='bbox 143 1513 338 1595; x_wconf 84' lang='lat' dir='ltr'><strong>quietationem</strong></span> <span class='ocrx_word' id='word_1_94' title='bbox 355 1514 491 1577; x_wconf 90' lang='lat' dir='ltr'><strong>dictorum</strong></span> <span class='ocrx_word' id='word_1_95' title='bbox 508 1527 686 1577; x_wconf 91' lang='lat' dir='ltr'><strong>arrestorum.</strong></span> 
     </span>
    </p>

    <p class='ocr_par' dir='ltr' id='par_1_5' title="bbox 142 1610 1210 1794">
     <span class='ocr_line' id='line_1_14' title="bbox 186 1610 1209 1701; baseline 0.006 -29"><span class='ocrx_word' id='word_1_96' title='bbox 186 1629 251 1692; x_wconf 85' lang='lat'><strong>594.</strong></span> <span class='ocrx_word' id='word_1_97' title='bbox 277 1618 356 1688; x_wconf 90' lang='lat' dir='ltr'><strong>ltem,</strong></span> <span class='ocrx_word' id='word_1_98' title='bbox 372 1612 457 1701; x_wconf 83' lang='lat' dir='ltr'><strong>quod.</strong></span> <span class='ocrx_word' id='word_1_99' title='bbox 474 1611 551 1693; x_wconf 90' lang='lat' dir='ltr'><strong>publ.</strong></span> <span class='ocrx_word' id='word_1_100' title='bbox 573 1611 785 1674; x_wconf 89' lang='lat' dir='ltr'><strong>instrumentum</strong></span> <span class='ocrx_word' id='word_1_101' title='bbox 800 1610 843 1693; x_wconf 89' lang='lat' dir='ltr'><strong>(ut</strong></span> <span class='ocrx_word' id='word_1_102' title='bbox 860 1614 945 1694; x_wconf 80' lang='lat'><strong>573),</strong></span> <span class='ocrx_word' id='word_1_103' title='bbox 955 1613 1107 1678; x_wconf 85' lang='lat' dir='ltr'><strong>continens</strong></span> <span class='ocrx_word' id='word_1_104' title='bbox 1121 1615 1209 1693; x_wconf 85' lang='lat' dir='ltr'><strong>boma·</strong></span> 
     </span>
     <span class='ocr_line' id='line_1_15' title="bbox 142 1707 1210 1794; baseline 0.007 -26"><span class='ocrx_word' id='word_1_105' title='bbox 142 1707 218 1788; x_wconf 89' lang='lat' dir='ltr'><strong>gium</strong></span> <span class='ocrx_word' id='word_1_106' title='bbox 236 1707 329 1789; x_wconf 90' lang='lat' dir='ltr'><strong>ligium</strong></span> <span class='ocrx_word' id='word_1_107' title='bbox 355 1708 500 1790; x_wconf 90' lang='lat' dir='ltr'><strong>prestitum</strong></span> <span class='ocrx_word' id='word_1_108' title='bbox 519 1727 569 1789; x_wconf 90' lang='lat' dir='ltr'><strong>per</strong></span> <span class='ocrx_word' id='word_1_109' title='bbox 585 1707 748 1771; x_wconf 88' lang='lat' dir='ltr'><strong>Gonterium</strong></span> <span class='ocrx_word' id='word_1_110' title='bbox 768 1708 899 1773; x_wconf 84' lang='lat' dir='ltr'><strong>Tolosani</strong></span> <span class='ocrx_word' id='word_1_111' title='bbox 924 1709 959 1773; x_wconf 91' lang='lat' dir='ltr'><strong>de</strong></span> <span class='ocrx_word' id='word_1_112' title='bbox 979 1716 1097 1794; x_wconf 69' lang='lat' dir='ltr'><strong>‚Oysseu</strong></span> <span class='ocrx_word' id='word_1_113' title='bbox 1117 1725 1145 1775; x_wconf 93' lang='lat' dir='ltr'><strong>et</strong></span> <span class='ocrx_word' id='word_1_114' title='bbox 1158 1724 1210 1777; x_wconf 84' lang='lat' dir='ltr'><strong>tet·</strong></span> 
     </span>
    </p>

    <p class='ocr_par' dir='ltr' id='par_1_6' title="bbox 93 1824 1208 2160">
     <span class='ocr_line' id='line_1_16' title="bbox 141 1824 1162 1884; baseline 0.003 -18"><span class='ocrx_word' id='word_1_115' title='bbox 141 1824 282 1868; x_wconf 79' lang='lat' dir='ltr'><strong>minum...</strong></span> <span class='ocrx_word' id='word_1_116' title='bbox 914 1852 917 1859; x_wconf 81' lang='lat'><em>-</em></span> <span class='ocrx_word' id='word_1_117' title='bbox 1159 1879 1162 1884; x_wconf 27' lang='lat'>¹</span> 
     </span>
     <span class='ocr_line' id='line_1_17' title="bbox 93 1896 1208 1988; baseline 0.003 -24"><span class='ocrx_word' id='word_1_118' title='bbox 93 1896 96 1902; x_wconf 75' lang='grc'><strong>’</strong></span> <span class='ocrx_word' id='word_1_119' title='bbox 186 1922 250 1985; x_wconf 78' lang='lat'><strong>595.</strong></span> <span class='ocrx_word' id='word_1_120' title='bbox 267 1909 346 1980; x_wconf 91' lang='lat' dir='ltr'><strong>ltem,</strong></span> <span class='ocrx_word' id='word_1_121' title='bbox 362 1905 449 1985; x_wconf 90' lang='lat' dir='ltr'><strong>quod.</strong></span> <span class='ocrx_word' id='word_1_122' title='bbox 462 1904 499 1966; x_wconf 90' lang='lat' dir='ltr'><strong>al.</strong></span> <span class='ocrx_word' id='word_1_123' title='bbox 515 1904 725 1977; x_wconf 86' lang='lat' dir='ltr'><strong>instrumentum</strong></span> <span class='ocrx_word' id='word_1_124' title='bbox 741 1902 784 1984; x_wconf 88' lang='lat' dir='ltr'><strong>(ut</strong></span> <span class='ocrx_word' id='word_1_125' title='bbox 803 1903 882 1985; x_wconf 81' lang='lat'><strong>573),</strong></span> <span class='ocrx_word' id='word_1_126' title='bbox 898 1904 1047 1969; x_wconf 86' lang='lat' dir='ltr'><strong>continens</strong></span> <span class='ocrx_word' id='word_1_127' title='bbox 1059 1905 1208 1988; x_wconf 82' lang='lat' dir='ltr'><strong>homagium</strong></span> 
     </span>
     <span class='ocr_line' id='line_1_18' title="bbox 141 1999 1208 2086; baseline 0.007 -26"><span class='ocrx_word' id='word_1_128' title='bbox 141 1999 234 2080; x_wconf 91' lang='lat' dir='ltr'><strong>ligium</strong></span> <span class='ocrx_word' id='word_1_129' title='bbox 249 2001 391 2081; x_wconf 91' lang='lat' dir='ltr'><strong>prestitum</strong></span> <span class='ocrx_word' id='word_1_130' title='bbox 411 2001 489 2064; x_wconf 84' lang='lat' dir='ltr'><strong>dom⁰</strong></span> <span class='ocrx_word' id='word_1_131' title='bbox 506 2001 637 2083; x_wconf 90' lang='lat' dir='ltr'><strong>dalphino</strong></span> <span class='ocrx_word' id='word_1_132' title='bbox 650 2019 701 2081; x_wconf 91' lang='lat' dir='ltr'><strong>per</strong></span> <span class='ocrx_word' id='word_1_133' title='bbox 712 1999 850 2064; x_wconf 88' lang='lat' dir='ltr'><strong>lacobum</strong></span> <span class='ocrx_word' id='word_1_134' title='bbox 872 2001 1019 2086; x_wconf 80' lang='lat' dir='ltr'><strong>Galuaygn</strong></span> <span class='ocrx_word' id='word_1_135' title='bbox 1035 2003 1073 2066; x_wconf 87' lang='lat' dir='ltr'><strong>de</strong></span> <span class='ocrx_word' id='word_1_136' title='bbox 1093 2003 1208 2066; x_wconf 77' lang='lat' dir='ltr'><strong>Ambelo</strong></span> 
     </span>
     <span class='ocr_line' id='line_1_19' title="bbox 142 2097 370 2160; baseline 0.009 -3"><span class='ocrx_word' id='word_1_137' title='bbox 142 2111 170 2158; x_wconf 92' lang='lat' dir='ltr'><strong>et</strong></span> <span class='ocrx_word' id='word_1_138' title='bbox 186 2097 370 2160; x_wconf 87' lang='lat' dir='ltr'><strong>terminum...</strong></span> 
     </span>
    </p>

    <p class='ocr_par' dir='ltr' id='par_1_7' title="bbox 140 2193 1223 2663">
     <span class='ocr_line' id='line_1_20' title="bbox 187 2193 1206 2278; baseline 0.006 -25"><span class='ocrx_word' id='word_1_139' title='bbox 187 2193 251 2274; x_wconf 84' lang='lat'><strong>596.</strong></span> <span class='ocrx_word' id='word_1_140' title='bbox 280 2200 358 2270; x_wconf 88' lang='lat' dir='ltr'><strong>Item,</strong></span> <span class='ocrx_word' id='word_1_141' title='bbox 377 2194 463 2275; x_wconf 91' lang='lat' dir='ltr'><strong>quod.</strong></span> <span class='ocrx_word' id='word_1_142' title='bbox 487 2194 565 2275; x_wconf 92' lang='lat' dir='ltr'><strong>publ.</strong></span> <span class='ocrx_word' id='word_1_143' title='bbox 591 2194 802 2258; x_wconf 87' lang='lat' dir='ltr'><strong>instrumentum</strong></span> <span class='ocrx_word' id='word_1_144' title='bbox 826 2194 958 2275; x_wconf 89' lang='lat' dir='ltr'><strong>scriptum</strong></span> <span class='ocrx_word' id='word_1_145' title='bbox 982 2203 1068 2259; x_wconf 85' lang='lat' dir='ltr'><strong>manu</strong></span> <span class='ocrx_word' id='word_1_146' title='bbox 1092 2196 1206 2278; x_wconf 85' lang='lat' dir='ltr'><strong>Hugonit</strong></span> 
     </span>
     <span class='ocr_line' id='line_1_21' title="bbox 144 2289 1206 2369; baseline 0.003 -18"><span class='ocrx_word' id='word_1_147' title='bbox 144 2289 287 2353; x_wconf 86' lang='lat' dir='ltr'><strong>Chabuelli</strong></span> <span class='ocrx_word' id='word_1_148' title='bbox 308 2291 419 2367; x_wconf 87' lang='lat' dir='ltr'><strong>notarii,</strong></span> <span class='ocrx_word' id='word_1_149' title='bbox 442 2291 494 2353; x_wconf 87' lang='lat' dir='ltr'><strong>sub</strong></span> <span class='ocrx_word' id='word_1_150' title='bbox 515 2311 587 2354; x_wconf 90' lang='lat' dir='ltr'><strong>anno</strong></span> <span class='ocrx_word' id='word_1_151' title='bbox 608 2299 717 2354; x_wconf 90' lang='lat' dir='ltr'><strong>lncam.</strong></span> <span class='ocrx_word' id='word_1_152' title='bbox 740 2292 827 2354; x_wconf 78' lang='lat' dir='ltr'><strong>Dnice</strong></span> <span class='ocrx_word' id='word_1_153' title='bbox 851 2289 1060 2369; x_wconf 70' lang='lat' dir='ltr'><strong>M⁰ll⁶xC⁰Vl⁰,</strong></span> <span class='ocrx_word' id='word_1_154' title='bbox 1084 2306 1148 2354; x_wconf 75' lang='lat' dir='ltr'><strong>vtll²</strong></span> <span class='ocrx_word' id='word_1_155' title='bbox 1163 2292 1206 2354; x_wconf 83' lang='lat' dir='ltr'><strong>ln-</strong></span> 
     </span>
     <span class='ocr_line' id='line_1_22' title="bbox 141 2386 1206 2470; baseline 0.003 -23"><span class='ocrx_word' id='word_1_156' title='bbox 141 2386 216 2449; x_wconf 92' lang='lat' dir='ltr'><strong>lend.</strong></span> <span class='ocrx_word' id='word_1_157' title='bbox 244 2387 382 2464; x_wconf 88' lang='lat' dir='ltr'><strong>octobris,</strong></span> <span class='ocrx_word' id='word_1_158' title='bbox 417 2388 562 2451; x_wconf 91' lang='lat' dir='ltr'><strong>continens</strong></span> <span class='ocrx_word' id='word_1_159' title='bbox 584 2388 659 2470; x_wconf 90' lang='lat' dir='ltr'><strong>quod</strong></span> <span class='ocrx_word' id='word_1_160' title='bbox 686 2396 785 2452; x_wconf 86' lang='lat' dir='ltr'><strong>Petrus</strong></span> <span class='ocrx_word' id='word_1_161' title='bbox 809 2388 923 2451; x_wconf 78' lang='lat' dir='ltr'><strong>liuberti</strong></span> <span class='ocrx_word' id='word_1_162' title='bbox 949 2402 978 2450; x_wconf 90' lang='lat' dir='ltr'><strong>et</strong></span> <span class='ocrx_word' id='word_1_163' title='bbox 999 2389 1142 2453; x_wconf 80' lang='lat' dir='ltr'><strong>lohannes</strong></span> <span class='ocrx_word' id='word_1_164' title='bbox 1159 2388 1206 2468; x_wconf 86' lang='lat' dir='ltr'><strong>ejus</strong></span> 
     </span>
     <span class='ocr_line' id='line_1_23' title="bbox 142 2484 1223 2569; baseline 0.001 -24"><span class='ocrx_word' id='word_1_165' title='bbox 142 2503 229 2565; x_wconf 88' lang='lat' dir='ltr'><strong>nepos</strong></span> <span class='ocrx_word' id='word_1_166' title='bbox 248 2484 433 2548; x_wconf 88' lang='lat' dir='ltr'><strong>vendiderunt</strong></span> <span class='ocrx_word' id='word_1_167' title='bbox 455 2486 532 2547; x_wconf 79' lang='lat' dir='ltr'><strong>dome</strong></span> <span class='ocrx_word' id='word_1_168' title='bbox 554 2485 703 2566; x_wconf 83' lang='lat' dir='ltr'><strong>B(eatrici)</strong></span> <span class='ocrx_word' id='word_1_169' title='bbox 723 2484 834 2546; x_wconf 92' lang='lat' dir='ltr'><strong>domine</strong></span> <span class='ocrx_word' id='word_1_170' title='bbox 860 2484 1020 2566; x_wconf 85' lang='lat' dir='ltr'><strong>Fucigniaci</strong></span> <span class='ocrx_word' id='word_1_171' title='bbox 1045 2504 1054 2546; x_wconf 92' lang='lat' dir='ltr'><strong>r</strong></span> <span class='ocrx_word' id='word_1_172' title='bbox 1080 2485 1223 2569; x_wconf 78' lang='lat' dir='ltr'><strong>eyminau&#39;</strong></span> 
     </span>
     <span class='ocr_line' id='line_1_24' title="bbox 140 2581 952 2663; baseline 0 -20"><span class='ocrx_word' id='word_1_173' title='bbox 140 2581 268 2644; x_wconf 87' lang='lat' dir='ltr'><strong>frumenti</strong></span> <span class='ocrx_word' id='word_1_174' title='bbox 283 2602 365 2663; x_wconf 89' lang='lat' dir='ltr'><strong>quam</strong></span> <span class='ocrx_word' id='word_1_175' title='bbox 380 2581 483 2644; x_wconf 88' lang='lat' dir='ltr'><strong>eisdem</strong></span> <span class='ocrx_word' id='word_1_176' title='bbox 503 2581 622 2643; x_wconf 86' lang='lat' dir='ltr'><strong>faciebat</strong></span> <span class='ocrx_word' id='word_1_177' title='bbox 637 2581 790 2644; x_wconf 76' lang='lat' dir='ltr'><strong>anthonius</strong></span> <span class='ocrx_word' id='word_1_178' title='bbox 807 2588 952 2643; x_wconf 71' lang='lat' dir='ltr'><strong>Fontanez·</strong></span> 
     </span>
    </p>

    <p class='ocr_par' dir='ltr' id='par_1_8' title="bbox 138 2677 1205 3227">
     <span class='ocr_line' id='line_1_25' title="bbox 184 2677 1205 2759; baseline 0 -20"><span class='ocrx_word' id='word_1_179' title='bbox 184 2696 249 2758; x_wconf 79' lang='lat'><strong>597.</strong></span> <span class='ocrx_word' id='word_1_180' title='bbox 267 2685 345 2753; x_wconf 90' lang='lat' dir='ltr'><strong>ltem,</strong></span> <span class='ocrx_word' id='word_1_181' title='bbox 362 2679 448 2758; x_wconf 92' lang='lat' dir='ltr'><strong>quod.</strong></span> <span class='ocrx_word' id='word_1_182' title='bbox 469 2677 546 2759; x_wconf 91' lang='lat' dir='ltr'><strong>publ.</strong></span> <span class='ocrx_word' id='word_1_183' title='bbox 570 2677 780 2740; x_wconf 88' lang='lat' dir='ltr'><strong>instrumentum</strong></span> <span class='ocrx_word' id='word_1_184' title='bbox 801 2698 883 2740; x_wconf 92' lang='lat' dir='ltr'><strong>manu</strong></span> <span class='ocrx_word' id='word_1_185' title='bbox 905 2677 1042 2759; x_wconf 89' lang='lat' dir='ltr'><strong>Guigonis</strong></span> <span class='ocrx_word' id='word_1_186' title='bbox 1066 2679 1103 2742; x_wconf 92' lang='lat' dir='ltr'><strong>de</strong></span> <span class='ocrx_word' id='word_1_187' title='bbox 1124 2677 1205 2741; x_wconf 85' lang='lat' dir='ltr'><strong>Balma</strong></span> 
     </span>
     <span class='ocr_line' id='line_1_26' title="bbox 140 2773 1205 2858; baseline 0.001 -24"><span class='ocrx_word' id='word_1_188' title='bbox 140 2774 239 2834; x_wconf 89' lang='lat' dir='ltr'><strong>notarii</strong></span> <span class='ocrx_word' id='word_1_189' title='bbox 254 2773 344 2854; x_wconf 85' lang='lat' dir='ltr'><strong>publ,</strong></span> <span class='ocrx_word' id='word_1_190' title='bbox 361 2773 412 2834; x_wconf 90' lang='lat' dir='ltr'><strong>sub</strong></span> <span class='ocrx_word' id='word_1_191' title='bbox 427 2792 500 2835; x_wconf 90' lang='lat' dir='ltr'><strong>anno</strong></span> <span class='ocrx_word' id='word_1_192' title='bbox 517 2773 570 2835; x_wconf 84' lang='lat' dir='ltr'><strong>nni</strong></span> <span class='ocrx_word' id='word_1_193' title='bbox 586 2777 668 2835; x_wconf 70' lang='lat' dir='ltr'><strong>lllllc</strong></span> <span class='ocrx_word' id='word_1_194' title='bbox 678 2783 792 2855; x_wconf 81' lang='lat' dir='ltr'><strong>octuag⁰</strong></span> <span class='ocrx_word' id='word_1_195' title='bbox 801 2781 862 2850; x_wconf 83' lang='lat' dir='ltr'><strong>Vl⁰,</strong></span> <span class='ocrx_word' id='word_1_196' title='bbox 874 2793 902 2836; x_wconf 83' lang='lat' dir='ltr'><strong>nr</strong></span> <span class='ocrx_word' id='word_1_197' title='bbox 917 2774 1031 2837; x_wconf 90' lang='lat' dir='ltr'><strong>kalend.</strong></span> <span class='ocrx_word' id='word_1_198' title='bbox 1046 2774 1141 2858; x_wconf 84' lang='lat'><strong>(...),</strong></span> <span class='ocrx_word' id='word_1_199' title='bbox 1152 2792 1205 2838; x_wconf 93' lang='lat' dir='ltr'><strong>con-</strong></span> 
     </span>
     <span class='ocr_line' id='line_1_27' title="bbox 138 2857 1205 2950; baseline 0 -18"><span class='ocrx_word' id='word_1_200' title='bbox 138 2857 238 2932; x_wconf 74' lang='lat' dir='ltr'><strong>tinens¹</strong></span> <span class='ocrx_word' id='word_1_201' title='bbox 246 2871 321 2950; x_wconf 91' lang='lat' dir='ltr'><strong>quod</strong></span> <span class='ocrx_word' id='word_1_202' title='bbox 337 2871 497 2932; x_wconf 90' lang='lat' dir='ltr'><strong>Guillelmus</strong></span> <span class='ocrx_word' id='word_1_203' title='bbox 515 2884 543 2933; x_wconf 92' lang='lat' dir='ltr'><strong>et</strong></span> <span class='ocrx_word' id='word_1_204' title='bbox 555 2871 692 2934; x_wconf 85' lang='lat' dir='ltr'><strong>laeelmus</strong></span> <span class='ocrx_word' id='word_1_205' title='bbox 709 2872 744 2933; x_wconf 89' lang='lat' dir='ltr'><strong>de</strong></span> <span class='ocrx_word' id='word_1_206' title='bbox 768 2877 869 2934; x_wconf 90' lang='lat' dir='ltr'><strong>Sancto</strong></span> <span class='ocrx_word' id='word_1_207' title='bbox 884 2872 1003 2934; x_wconf 85' lang='lat' dir='ltr'><strong>Nazario</strong></span> <span class='ocrx_word' id='word_1_208' title='bbox 1025 2873 1127 2936; x_wconf 81' lang='lat' dir='ltr'><strong>fratres</strong></span> <span class='ocrx_word' id='word_1_209' title='bbox 1147 2889 1205 2935; x_wconf 90' lang='lat' dir='ltr'><strong>con-</strong></span> 
     </span>
     <span class='ocr_line' id='line_1_28' title="bbox 139 2966 1204 3050; baseline 0.002 -22"><span class='ocrx_word' id='word_1_210' title='bbox 139 2966 204 3029; x_wconf 85' lang='lat' dir='ltr'><strong>fessi</strong></span> <span class='ocrx_word' id='word_1_211' title='bbox 224 2967 335 3029; x_wconf 78' lang='lat' dir='ltr'><strong>suerunt</strong></span> <span class='ocrx_word' id='word_1_212' title='bbox 353 2986 383 3028; x_wconf 89' lang='lat' dir='ltr'><strong>se</strong></span> <span class='ocrx_word' id='word_1_213' title='bbox 399 2986 460 3030; x_wconf 89' lang='lat' dir='ltr'><strong>esse</strong></span> <span class='ocrx_word' id='word_1_214' title='bbox 484 2967 609 3030; x_wconf 90' lang='lat' dir='ltr'><strong>homines</strong></span> <span class='ocrx_word' id='word_1_215' title='bbox 629 2968 708 3049; x_wconf 83' lang='lat' dir='ltr'><strong>ligius</strong></span> <span class='ocrx_word' id='word_1_216' title='bbox 723 2967 806 3048; x_wconf 51' lang='lat' dir='ltr'><strong>¹dome</strong></span> <span class='ocrx_word' id='word_1_217' title='bbox 827 2967 990 3050; x_wconf 83' lang='lat' dir='ltr'><strong>B(eatricis)</strong></span> <span class='ocrx_word' id='word_1_218' title='bbox 1006 2969 1121 3033; x_wconf 90' lang='lat' dir='ltr'><strong>domine</strong></span> <span class='ocrx_word' id='word_1_219' title='bbox 1138 2966 1204 3031; x_wconf 82' lang='lat' dir='ltr'><strong>Fuu&#39;·</strong></span> 
     </span>
     <span class='ocr_line' id='line_1_29' title="bbox 141 3065 1204 3151; baseline 0.002 -25"><span class='ocrx_word' id='word_1_220' title='bbox 141 3065 231 3146; x_wconf 90' lang='lat' dir='ltr'><strong>gniaci</strong></span> <span class='ocrx_word' id='word_1_221' title='bbox 245 3084 297 3146; x_wconf 91' lang='lat' dir='ltr'><strong>pro</strong></span> <span class='ocrx_word' id='word_1_222' title='bbox 313 3066 438 3146; x_wconf 90' lang='lat' dir='ltr'><strong>personis</strong></span> <span class='ocrx_word' id='word_1_223' title='bbox 452 3079 481 3128; x_wconf 90' lang='lat' dir='ltr'><strong>et</strong></span> <span class='ocrx_word' id='word_1_224' title='bbox 501 3067 584 3128; x_wconf 92' lang='lat' dir='ltr'><strong>rebus</strong></span> <span class='ocrx_word' id='word_1_225' title='bbox 602 3067 671 3148; x_wconf 82' lang='lat' dir='ltr'><strong>quas</strong></span> <span class='ocrx_word' id='word_1_226' title='bbox 685 3080 792 3143; x_wconf 89' lang='lat' dir='ltr'><strong>tenent,</strong></span> <span class='ocrx_word' id='word_1_227' title='bbox 808 3086 860 3147; x_wconf 92' lang='lat' dir='ltr'><strong>pro</strong></span> <span class='ocrx_word' id='word_1_228' title='bbox 881 3067 982 3148; x_wconf 87' lang='lat' dir='ltr'><strong>quibus</strong></span> <span class='ocrx_word' id='word_1_229' title='bbox 996 3067 1134 3151; x_wconf 85' lang='lat' dir='ltr'><strong>homagiis</strong></span> <span class='ocrx_word' id='word_1_230' title='bbox 1146 3085 1204 3130; x_wconf 88' lang='lat' dir='ltr'><strong>con·</strong></span> 
     </span>
     <span class='ocr_line' id='line_1_30' title="bbox 139 3157 1096 3227; baseline 0.001 -2"><span class='ocrx_word' id='word_1_231' title='bbox 139 3163 204 3226; x_wconf 86' lang='lat' dir='ltr'><strong>fessi</strong></span> <span class='ocrx_word' id='word_1_232' title='bbox 218 3163 329 3226; x_wconf 85' lang='lat' dir='ltr'><strong>luerunt</strong></span> <span class='ocrx_word' id='word_1_233' title='bbox 343 3183 373 3226; x_wconf 89' lang='lat' dir='ltr'><strong>se</strong></span> <span class='ocrx_word' id='word_1_234' title='bbox 388 3164 516 3227; x_wconf 88' lang='lat' dir='ltr'><strong>habuisse</strong></span> <span class='ocrx_word' id='word_1_235' title='bbox 533 3165 634 3227; x_wconf 90' lang='lat' dir='ltr'><strong>adicta</strong></span> <span class='ocrx_word' id='word_1_236' title='bbox 648 3164 760 3227; x_wconf 91' lang='lat' dir='ltr'><strong>domina</strong></span> <span class='ocrx_word' id='word_1_237' title='bbox 777 3167 848 3227; x_wconf 68' lang='lat' dir='ltr'><strong>VllX</strong></span> <span class='ocrx_word' id='word_1_238' title='bbox 862 3164 976 3227; x_wconf 82' lang='lat' dir='ltr'><strong>libras2.</strong></span> <span class='ocrx_word' id='word_1_239' title='bbox 1066 3170 1069 3174; x_wconf 69' lang='lat'><em>&#39;</em></span> <span class='ocrx_word' id='word_1_240' title='bbox 1092 3157 1096 3161; x_wconf 71' lang='grc'><strong>’</strong></span> 
     </span>
    </p>

    <p class='ocr_par' dir='ltr' id='par_1_9' title="bbox 139 3258 1204 3713">
     <span class='ocr_line' id='line_1_31' title="bbox 185 3258 1204 3343; baseline -0.002 -21"><span class='ocrx_word' id='word_1_241' title='bbox 185 3262 249 3343; x_wconf 83' lang='lat'><strong>598.</strong></span> <span class='ocrx_word' id='word_1_242' title='bbox 266 3269 344 3339; x_wconf 89' lang='lat' dir='ltr'><strong>ltem,</strong></span> <span class='ocrx_word' id='word_1_243' title='bbox 370 3262 456 3343; x_wconf 91' lang='lat' dir='ltr'><strong>quod.</strong></span> <span class='ocrx_word' id='word_1_244' title='bbox 481 3262 558 3343; x_wconf 91' lang='lat' dir='ltr'><strong>publ.</strong></span> <span class='ocrx_word' id='word_1_245' title='bbox 575 3263 787 3326; x_wconf 90' lang='lat' dir='ltr'><strong>instrumentum</strong></span> <span class='ocrx_word' id='word_1_246' title='bbox 802 3262 934 3343; x_wconf 87' lang='lat' dir='ltr'><strong>scriptum</strong></span> <span class='ocrx_word' id='word_1_247' title='bbox 949 3281 1034 3325; x_wconf 88' lang='lat' dir='ltr'><strong>manu</strong></span> <span class='ocrx_word' id='word_1_248' title='bbox 1049 3261 1125 3324; x_wconf 86' lang='lat' dir='ltr'><strong>Petri</strong></span> <span class='ocrx_word' id='word_1_249' title='bbox 1139 3258 1204 3323; x_wconf 89' lang='lat' dir='ltr'><strong>Guil-</strong></span> 
     </span>
     <span class='ocr_line' id='line_1_32' title="bbox 139 3353 1203 3440; baseline 0 -22"><span class='ocrx_word' id='word_1_250' title='bbox 139 3357 223 3434; x_wconf 89' lang='lat' dir='ltr'><strong>lelmi,</strong></span> <span class='ocrx_word' id='word_1_251' title='bbox 238 3358 289 3420; x_wconf 95' lang='lat' dir='ltr'><strong>sub</strong></span> <span class='ocrx_word' id='word_1_252' title='bbox 303 3378 376 3421; x_wconf 93' lang='lat' dir='ltr'><strong>anno</strong></span> <span class='ocrx_word' id='word_1_253' title='bbox 394 3359 448 3421; x_wconf 84' lang='lat' dir='ltr'><strong>Diri</strong></span> <span class='ocrx_word' id='word_1_254' title='bbox 469 3366 718 3434; x_wconf 75' lang='lat' dir='ltr'><strong>M⁰110xxxvlll⁰‚</strong></span> <span class='ocrx_word' id='word_1_255' title='bbox 730 3368 772 3421; x_wconf 73' lang='grc' dir='ltr'><strong>νιο</strong></span> <span class='ocrx_word' id='word_1_256' title='bbox 787 3379 875 3422; x_wconf 87' lang='lat' dir='ltr'><strong>nonas</strong></span> <span class='ocrx_word' id='word_1_257' title='bbox 890 3359 965 3436; x_wconf 90' lang='lat' dir='ltr'><strong>maii,</strong></span> <span class='ocrx_word' id='word_1_258' title='bbox 982 3359 1131 3423; x_wconf 87' lang='lat' dir='ltr'><strong>continens</strong></span> <span class='ocrx_word' id='word_1_259' title='bbox 1142 3353 1203 3440; x_wconf 90' lang='lat' dir='ltr'><strong>quod</strong></span> 
     </span>
     <span class='ocr_line' id='line_1_33' title="bbox 139 3453 1204 3539; baseline -0.002 -23"><span class='ocrx_word' id='word_1_260' title='bbox 139 3455 270 3517; x_wconf 88' lang='lat' dir='ltr'><strong>vivianus</strong></span> <span class='ocrx_word' id='word_1_261' title='bbox 284 3454 355 3518; x_wconf 88' lang='lat' dir='ltr'><strong>lilius</strong></span> <span class='ocrx_word' id='word_1_262' title='bbox 371 3456 490 3518; x_wconf 89' lang='lat' dir='ltr'><strong>condam</strong></span> <span class='ocrx_word' id='word_1_263' title='bbox 506 3456 581 3518; x_wconf 88' lang='lat' dir='ltr'><strong>Petri</strong></span> <span class='ocrx_word' id='word_1_264' title='bbox 595 3456 718 3539; x_wconf 84' lang='lat' dir='ltr'><strong>Aynardi</strong></span> <span class='ocrx_word' id='word_1_265' title='bbox 740 3457 833 3519; x_wconf 90' lang='lat' dir='ltr'><strong>militis</strong></span> <span class='ocrx_word' id='word_1_266' title='bbox 847 3457 972 3521; x_wconf 91' lang='lat' dir='ltr'><strong>vendidit</strong></span> <span class='ocrx_word' id='word_1_267' title='bbox 994 3459 1075 3521; x_wconf 86' lang='lat' dir='ltr'><strong>dom⁰</strong></span> <span class='ocrx_word' id='word_1_268' title='bbox 1097 3453 1204 3522; x_wconf 89' lang='lat' dir='ltr'><strong>Berlioni</strong></span> 
     </span>
     <span class='ocr_line' id='line_1_34' title="bbox 139 3552 1203 3635; baseline 0.002 -23"><span class='ocrx_word' id='word_1_269' title='bbox 139 3552 174 3612; x_wconf 92' lang='lat' dir='ltr'><strong>de</strong></span> <span class='ocrx_word' id='word_1_270' title='bbox 199 3558 372 3616; x_wconf 82' lang='lat' dir='ltr'><strong>castronovo</strong></span> <span class='ocrx_word' id='word_1_271' title='bbox 396 3573 404 3614; x_wconf 87' lang='lat' dir='ltr'><strong>r</strong></span> <span class='ocrx_word' id='word_1_272' title='bbox 426 3552 570 3616; x_wconf 89' lang='lat' dir='ltr'><strong>sestarium</strong></span> <span class='ocrx_word' id='word_1_273' title='bbox 592 3552 648 3614; x_wconf 91' lang='lat' dir='ltr'><strong>vini</strong></span> <span class='ocrx_word' id='word_1_274' title='bbox 673 3553 734 3634; x_wconf 90' lang='lat' dir='ltr'><strong>puri</strong></span> <span class='ocrx_word' id='word_1_275' title='bbox 756 3554 830 3635; x_wconf 93' lang='lat' dir='ltr'><strong>quod</strong></span> <span class='ocrx_word' id='word_1_276' title='bbox 852 3554 971 3618; x_wconf 84' lang='lat' dir='ltr'><strong>faciebat</strong></span> <span class='ocrx_word' id='word_1_277' title='bbox 993 3556 1157 3620; x_wconf 88' lang='lat' dir='ltr'><strong>Vincentius</strong></span> <span class='ocrx_word' id='word_1_278' title='bbox 1177 3552 1203 3614; x_wconf 87' lang='lat' dir='ltr'><strong>de</strong></span> 
     </span>
     <span class='ocr_line' id='line_1_35' title="bbox 141 3648 668 3713; baseline 0.008 -5"><span class='ocrx_word' id='word_1_279' title='bbox 141 3648 267 3711; x_wconf 89' lang='lat' dir='ltr'><strong>Combeti</strong></span> <span class='ocrx_word' id='word_1_280' title='bbox 284 3664 312 3712; x_wconf 89' lang='lat' dir='ltr'><strong>et</strong></span> <span class='ocrx_word' id='word_1_281' title='bbox 327 3656 426 3713; x_wconf 88' lang='lat' dir='ltr'><strong>Petrus</strong></span> <span class='ocrx_word' id='word_1_282' title='bbox 444 3651 479 3712; x_wconf 90' lang='lat' dir='ltr'><strong>de</strong></span> <span class='ocrx_word' id='word_1_283' title='bbox 497 3650 668 3713; x_wconf 85' lang='lat' dir='ltr'><strong>Molendino.</strong></span> 
     </span>
    </p>

    <p class='ocr_par' dir='ltr' id='par_1_10' title="bbox 138 3745 1203 3930">
     <span class='ocr_line' id='line_1_36' title="bbox 182 3745 1203 3828; baseline 0.002 -22"><span class='ocrx_word' id='word_1_284' title='bbox 182 3763 246 3824; x_wconf 81' lang='lat'><strong>599.</strong></span> <span class='ocrx_word' id='word_1_285' title='bbox 277 3753 354 3820; x_wconf 89' lang='lat' dir='ltr'><strong>Item,</strong></span> <span class='ocrx_word' id='word_1_286' title='bbox 374 3748 460 3827; x_wconf 92' lang='lat' dir='ltr'><strong>quod.</strong></span> <span class='ocrx_word' id='word_1_287' title='bbox 482 3747 519 3809; x_wconf 92' lang='lat' dir='ltr'><strong>al.</strong></span> <span class='ocrx_word' id='word_1_288' title='bbox 542 3747 753 3810; x_wconf 89' lang='lat' dir='ltr'><strong>instrumentum</strong></span> <span class='ocrx_word' id='word_1_289' title='bbox 777 3747 910 3828; x_wconf 85' lang='lat' dir='ltr'><strong>scriptum</strong></span> <span class='ocrx_word' id='word_1_290' title='bbox 934 3768 1018 3811; x_wconf 90' lang='lat' dir='ltr'><strong>manu</strong></span> <span class='ocrx_word' id='word_1_291' title='bbox 1040 3745 1203 3814; x_wconf 86' lang='lat' dir='ltr'><strong>Garneriide</strong></span> 
     </span>
     <span class='ocr_line' id='line_1_37' title="bbox 138 3843 1202 3930; baseline 0.007 -28"><span class='ocrx_word' id='word_1_292' title='bbox 138 3845 277 3924; x_wconf 83' lang='lat' dir='ltr'><strong>Correyro</strong></span> <span class='ocrx_word' id='word_1_293' title='bbox 291 3843 401 3920; x_wconf 88' lang='lat' dir='ltr'><strong>notarii,</strong></span> <span class='ocrx_word' id='word_1_294' title='bbox 415 3844 467 3907; x_wconf 89' lang='lat' dir='ltr'><strong>sub</strong></span> <span class='ocrx_word' id='word_1_295' title='bbox 481 3863 554 3907; x_wconf 90' lang='lat' dir='ltr'><strong>anno</strong></span> <span class='ocrx_word' id='word_1_296' title='bbox 569 3845 624 3906; x_wconf 76' lang='lat' dir='ltr'><strong>Diri</strong></span> <span class='ocrx_word' id='word_1_297' title='bbox 642 3846 839 3922; x_wconf 74' lang='lat' dir='ltr'><strong>M⁰110Lv111⁰,</strong></span> <span class='ocrx_word' id='word_1_298' title='bbox 855 3845 900 3908; x_wconf 89' lang='lat' dir='ltr'><strong>die</strong></span> <span class='ocrx_word' id='word_1_299' title='bbox 913 3846 1023 3909; x_wconf 89' lang='lat' dir='ltr'><strong>sabbati</strong></span> <span class='ocrx_word' id='word_1_300' title='bbox 1035 3862 1101 3930; x_wconf 89' lang='lat' dir='ltr'><strong>post</strong></span> <span class='ocrx_word' id='word_1_301' title='bbox 1116 3848 1202 3912; x_wconf 79' lang='lat' dir='ltr'><strong>team</strong></span> 
     </span>
    </p>
   </div>
   <div class='ocr_carea' id='block_1_4' title="bbox 178 4010 1202 4139">
    <p class='ocr_par' dir='ltr' id='par_1_11' title="bbox 178 4010 1202 4139">
     <span class='ocr_line' id='line_1_38' title="bbox 178 4010 1202 4139; baseline 0.003 -73"><span class='ocrx_word' id='word_1_302' title='bbox 178 4028 198 4066; x_wconf 88' lang='lat'><strong>1.</strong></span> <span class='ocrx_word' id='word_1_303' title='bbox 215 4011 253 4064; x_wconf 82' lang='lat' dir='ltr'><strong>En</strong></span> <span class='ocrx_word' id='word_1_304' title='bbox 268 4029 299 4066; x_wconf 89' lang='lat' dir='ltr'><strong>m.</strong></span> <span class='ocrx_word' id='word_1_305' title='bbox 316 4010 454 4066; x_wconf 88' lang='lat' dir='ltr'><strong>Videantur</strong></span> <span class='ocrx_word' id='word_1_306' title='bbox 468 4010 566 4068; x_wconf 88' lang='lat' dir='ltr'><strong>racione</strong></span> <span class='ocrx_word' id='word_1_307' title='bbox 576 4010 703 4139; x_wconf 51' lang='lat' dir='ltr'><strong>pensionis</strong></span> <span class='ocrx_word' id='word_1_308' title='bbox 718 4030 791 4084; x_wconf 88' lang='lat' dir='ltr'><strong>quam</strong></span> <span class='ocrx_word' id='word_1_309' title='bbox 815 4012 896 4069; x_wconf 89' lang='lat' dir='ltr'><strong>adhuc</strong></span> <span class='ocrx_word' id='word_1_310' title='bbox 914 4014 1055 4089; x_wconf 87' lang='lat' dir='ltr'><strong>percipiunt</strong></span> <span class='ocrx_word' id='word_1_311' title='bbox 1069 4017 1136 4091; x_wconf 91' lang='lat' dir='ltr'><strong>apud</strong></span> <span class='ocrx_word' id='word_1_312' title='bbox 1150 4014 1202 4072; x_wconf 82' lang='lat' dir='ltr'><strong>Gra·</strong></span> 
     </span>
    </p>
   </div>
   <div class='ocr_carea' id='block_1_5' title="bbox 138 4082 1202 4224">
    <p class='ocr_par' dir='ltr' id='par_1_12' title="bbox 138 4082 1202 4224">
     <span class='ocr_line' id='line_1_39' title="bbox 600 4082 1202 4160; baseline 0.002 -23"><span class='ocrx_word' id='word_1_313' title='bbox 600 4102 662 4138; x_wconf 88' lang='lat' dir='ltr'><strong>nm.</strong></span> <span class='ocrx_word' id='word_1_314' title='bbox 680 4082 853 4139; x_wconf 86' lang='lat' dir='ltr'><strong>Sciaturunde</strong></span> <span class='ocrx_word' id='word_1_315' title='bbox 866 4095 924 4141; x_wconf 90' lang='lat' dir='ltr'><strong>sunt</strong></span> <span class='ocrx_word' id='word_1_316' title='bbox 938 4096 962 4142; x_wconf 89' lang='lat' dir='ltr'><strong>et</strong></span> <span class='ocrx_word' id='word_1_317' title='bbox 982 4103 1030 4160; x_wconf 89' lang='lat' dir='ltr'><strong>que</strong></span> <span class='ocrx_word' id='word_1_318' title='bbox 1048 4095 1134 4143; x_wconf 89' lang='lat' dir='ltr'><strong>tenent</strong></span> <span class='ocrx_word' id='word_1_319' title='bbox 1151 4087 1202 4142; x_wconf 86' lang='lat' dir='ltr'><strong>bont</strong></span> 
     </span>
     <span class='ocr_line' id='line_1_40' title="bbox 138 4169 255 4224; baseline 0.017 -19"><span class='ocrx_word' id='word_1_320' title='bbox 138 4169 255 4224; x_wconf 82' lang='lat' dir='ltr'><strong>ipsorum.</strong></span> 
     </span>
    </p>
   </div>
   <div class='ocr_carea' id='block_1_6' title="bbox 0 0 1362 4784">
    <p class='ocr_par' dir='ltr' id='par_1_13' title="bbox 0 0 1362 4784">
     <span class='ocr_line' id='line_1_41' title="bbox 0 0 1362 4784; baseline 0 2"><span class='ocrx_word' id='word_1_321' title='bbox 0 0 1362 4784; x_wconf 95' lang='lat' dir='ltr'><strong> </strong></span> 
     </span>
    </p>
   </div>
  </div>
 </body>
</html>
