2716 4784
515 356 692 463 ·.,0,-

49 514 175 597 predicti
197 514 291 577 nichil
316 513 423 592 haben
447 513 551 595 accipit
568 515 641 578 enirn
670 516 698 577 in
728 515 840 578 seudum
858 515 991 596 quidquid
1013 515 1097 577 habet
1110 515 1138 577 in

53 613 261 675 mandamento
279 611 415 691 ejusdem,
433 610 491 674 sive
509 611 564 674 sint
590 612 726 688 homines,
752 626 841 692 prata,
867 631 981 693 pascua,
1009 631 1136 688 nemora,

54 708 248 789 iusticie,etc.
348 754 351 759 -

100 825 192 885 ¹707·
220 813 302 883 ltem,
329 805 851 881 n⁰110xc⁰1111⁰,domnoustachius
874 807 909 868 de
936 804 1135 880 Houstadunu,

57 892 214 967 canonicus
225 903 370 978 Romanis,
387 902 423 965 de
436 921 571 965 concessu
591 915 621 964 et
638 902 780 966 voluntate
800 903 938 984 expressis
960 901 1085 982 Hugonis
1101 902 1137 963 de

60 1001 261 1076 Boustaduno,
280 999 374 1063 fratris
390 999 433 1061 sui
452 999 599 1079 presentis,
622 1000 785 1079 recognovit
807 1000 885 1062 dom⁰
899 999 1052 1062 Humberto
1075 998 1138 1060 dal-

57 1096 143 1176 pbino
157 1097 312 1161 Viennensi
322 1096 455 1178 quidquid
469 1095 564 1172 babet,
580 1109 656 1158 tenet
680 1110 707 1159 et
721 1096 844 1178 possidet
856 1110 884 1160 et
896 1097 938 1159 sui
952 1095 1138 1177 predecesso-

59 1213 105 1256 res
116 1195 280 1257 babuerunt
304 1194 332 1255 in
358 1194 551 1255 mandamento
578 1207 605 1255 et
627 1193 750 1255 districtu
767 1193 945 1275 Belliregardi
961 1193 996 1254 de
1011 1192 1095 1255 feudo
1109 1206 1138 1255 et

59 1291 169 1353 senonia
196 1289 273 1354 dom¹
296 1289 385 1352 nostri
415 1288 547 1371 dalplpini,
571 1289 622 1351 hiis
650 1290 870 1365 condicionibus,
893 1290 983 1352 modis
999 1303 1027 1351 et
1043 1288 1137 1351 formis

60 1387 159 1469 quibus
179 1386 372 1449 Guillelmetus
398 1385 433 1448 de
461 1385 658 1467 Belloregardo
668 1400 744 1449 tenet
760 1387 787 1448 id
801 1387 876 1468 quod
903 1387 987 1449 habet
1003 1387 1033 1448 in
1043 1400 1136 1448 castro

60 1484 188 1565 predicto
213 1497 244 1548 et
259 1484 319 1565 ejus
345 1483 481 1562 districtu,
506 1502 558 1564 pro
582 1503 637 1566 quo
658 1484 742 1546 feudo
760 1483 899 1547 fidelitatis
912 1484 1049 1572 'prestitit
1065 1483 1138 1563 jura-

63 1592 197 1644 mentum.
297 1602 300 1607 ·
759 1580 773 1599 ‘

102 1678 190 1756 1708.
206 1684 289 1754 Item,
322 1678 399 1740 dom.
419 1678 578 1740 Gontardus
604 1678 649 1760 qui
664 1676 715 1740 fuit
727 1677 798 1740 filius
826 1677 899 1740 dom¹
912 1677 1042 1760 Geyllini,
1058 1677 1134 1758 prior

65 1775 154 1836 Sancti
171 1773 378 1855 Jo(hannis)in
397 1775 530 1856 Royanis,
552 1775 641 1856 Guigo
669 1774 812 1855 Rostagni,
837 1773 982 1836 Amandus
1006 1773 1135 1856 Gayllini,

64 1870 230 1934 lambertus
243 1870 280 1932 de
299 1877 422 1947 0uruon,
441 1871 609 1933 Humbertus
629 1870 747 1946 Pillossi,
771 1870 931 1932 Guillelmus
948 1871 983 1932 de
1004 1877 1137 1950 Beregart

65 1965 188 2030 dominus
205 1967 397 2048 deposuerunt
410 1968 570 2048 interrogati
584 1988 635 2048 per
649 1988 743 2030 eorum
765 1969 928 2048 juramenta,
944 1970 1018 2050 quod
1032 1968 1135 2031 domini
1239 2023 1244 2033 .

64 2061 94 2124 de
104 2062 235 2146 Royanis
249 2063 381 2145 quidquid
396 2063 499 2126 habent
510 2065 537 2126 in
553 2064 686 2146 Royanis‚
702 2065 836 2128 incastris
850 2066 895 2127 vel
907 2065 934 2127 in
955 2065 1137 2128 mandamen-

66 2157 130 2222 tisin
147 2166 279 2243 Royans,
295 2160 354 2222 sive
370 2160 406 2224 sit
419 2161 448 2222 in
462 2161 580 2223 motanis
601 2161 636 2224 de
657 2162 774 2244 Roysier
791 2163 850 2225 sive
867 2162 926 2226 aliis
942 2164 1078 2227 montanis
1091 2162 1136 2224 vel

66 2253 186 2336 inploro
203 2254 374 2337 ubicumque
388 2255 434 2332 sit,
446 2269 535 2318 totum
548 2270 644 2319 tenent
658 2271 685 2319 et
701 2258 829 2320 habenta
845 2258 923 2320 d0m⁰
933 2260 1033 2321 comite
1047 2258 1136 2321 vien*

67 2354 136 2415 tensi
161 2351 348 2415 etviderunt
372 2352 461 2415 teneri
486 2366 612 2436 tempore
633 2354 720 2436 patris
745 2374 860 2417 eorum:
886 2357 1021 2436 reperitur
1041 2353 1135 2416 hocin

67 2451 192 2514 thesauro
203 2449 322 2512 domini.

101 2567 188 2631 ¹709·
208 2554 279 2611 ltem
292 2547 321 2609 in
338 2547 460 2630 registris
475 2548 752 2630 etrecognicionibus
768 2549 886 2631 antiquis
911 2548 1008 2625 jurium
1032 2547 1135 2610 domini

67 2646 145 2708 nostri
159 2643 297 2726 dalphini,
318 2644 426 2707 comitis
446 2645 559 2707 Albonis
574 2659 601 2708 et
612 2646 729 2721 Vienne,
740 2645 914 2726 reperiuntur
927 2644 1135 2726 recogniciones

67 2731 243 2824 usequitu'r:
272 2742 350 2804 dom.
370 2743 532 2804 Lambertus
550 2743 585 2803 de
603 2749 765 2804 Housteuno
781 2756 823 2804 est
836 2743 919 2804 homo
934 2743 1013 2824 ligius
1027 2741 1135 2805 comitis

68 2853 177 2904 ettenet
185 2840 225 2902 de
237 2860 272 2903 eo
287 2853 411 2920 quartam
426 2854 531 2921 partem
547 2839 658 2902 dominii
673 2840 755 2902 castri
769 2839 804 2902 de
822 2840 984 2903 Hosteduno
1001 2840 1135 2904 reddibile

67 2950 180 3026 ettenet
193 2938 230 3000 de
240 2958 275 3000 eo
286 2937 417 3021 quidquid
428 2938 511 3011 habet
520 2936 548 2999 in
565 2951 655 3000 castro
673 2951 701 3000 et
715 2938 920 3014 mandamento,
937 2952 964 3002 et
978 2939 1062 3002 debet
1073 2940 1136 3021 pla-

66 3033 145 3098 citum
159 3035 197 3099 ad
212 3034 428 3098 misericordiam
444 3034 482 3096 ita
495 3035 569 3115 quod
583 3054 618 3097 ex
628 3055 682 3117 quo
699 3035 784 3098 semel
798 3035 893 3098 lecerit
909 3036 1051 3118 placitum,
1071 3037 1136 3101 licet

67 3132 192 3195 dominus
204 3131 349 3194 multocies
359 3141 489 3207 mutetur,
501 3151 558 3193 non
569 3131 652 3194 debet
666 3132 757 3195 facere
771 3133 886 3215 amplius
899 3133 1028 3215 placitum
1041 3155 1137 3215 quam-

67 3228 107 3292 diu
120 3228 225 3292 vixerit
238 3242 266 3290 et
279 3228 409 3308 quamdiu
424 3226 523 3290 vixerit
545 3227 672 3289 dominus
693 3229 736 3290 cui
753 3228 818 3291 fecit
828 3228 972 3309 placitum3
983 3230 1048 3292 item
1059 3244 1135 3295 tenet
1223 3258 1232 3269 ·

27 3324 32 3335 '
67 3325 97 3389 de
105 3327 275 3389 comitetam
284 3325 344 3407 ipse
353 3345 435 3406 quam
446 3324 491 3388 alii
499 3325 580 3388 castri
590 3325 740 3405 supradicti
754 3325 885 3407 quidquid
896 3327 1032 3388 habentin
1044 3333 1136 3408 Roya-
1218 3325 1222 3334 ’

66 3424 103 3488 tis
114 3445 132 3487 a
145 3425 209 3487 rivo
223 3423 270 3504 qui
284 3411 577 3504 diciturssomausque
589 3422 625 3484 ad
641 3423 788 3484 Flandines
802 3435 830 3485 et
843 3422 965 3484 similiter
978 3422 1044 3485 illud
1059 3422 1134 3505 quod

66 3521 166 3585 habent
178 3521 255 3603 apud
275 3520 408 3596 Balmam,
423 3532 451 3582 et
463 3519 538 3602 quod
553 3519 604 3601 ipsi
619 3519 718 3600 parerii
736 3519 777 3581 sui
791 3517 893 3581 debent
912 3518 989 3600 sequi
1005 3519 1134 3582 comitem

65 3616 254 3698 incavalgatis
264 3615 320 3678 suis
334 3635 396 3679 cum
413 3615 540 3696 expensis
550 3634 661 3693 eorum;
676 3616 741 3676 item
755 3614 830 3697 quod
847 3634 940 3676 comes
951 3614 1034 3677 debet
1047 3615 1134 3679 habe-

65 3723 228 3793 requartam
245 3719 350 3792 partem
367 3711 396 3773 in
409 3711 536 3773 omnibus
552 3730 606 3792 que
620 3713 818 3774 continentura
835 3712 904 3773 Rivo
920 3712 982 3774 Sico
995 3732 1081 3792 usque
1097 3711 1132 3775 ad

67 3812 196 3884 Bormam,
213 3820 242 3870 et
253 3821 342 3871 totum
357 3806 423 3869 illud
438 3807 512 3888 quod
526 3797 679 3871 domiui'de
694 3807 816 3890 Royanis
830 3807 969 3870 habebant
980 3808 1050 3871 infra
1065 3807 1131 3872 dict.

65 3903 194 3967 terminos
206 3917 251 3967 est
265 3904 301 3966 de
313 3903 397 3966 feudo
408 3903 525 3966 comitis.
543 3938 583 3951 -
596 3902 753 3965 Lantelmus
766 3903 898 3967 Martinus
921 3904 1064 3968 confessus
1092 3918 1135 3969 est

10 4076 12 4081 Ι
64 4000 260 4083 etreoognovir
272 3999 345 4063 idem
358 4020 409 4081 per
420 4000 512 4063 omnia
520 4001 594 4082 quod
604 4000 679 4062 dom.
693 3999 886 4082 La(m)bertus
896 4013 923 4063 et
931 4001 1131 4065 eodemmodo.

64 4105 194 4161 -Dom
211 4097 366 4161 Chabertus
378 4098 533 4173 ehamarus,
556 4095 659 4160 tercius
672 4097 795 4178 parerius
810 4096 892 4159 castri
909 4097 944 4160 de
956 4099 1129 4174 Hosteduno,
