2716 4784
599 415 639 426 -
659 398 698 458 79
717 414 756 429 -ι-

134 511 293 591 Guigonem
307 510 468 591 dalphinum
480 511 678 587 Viennensem,
696 529 748 590 per
759 509 831 572 dilos
858 511 941 591 Guig.
968 510 1073 592 Pagani
1087 510 1211 587 militem,

138 605 243 667 llumb.
260 605 403 668 dominum
420 606 525 668 Montis
536 605 673 686 Luppelli,
687 606 770 667 Guill.
783 605 818 666 de
828 613 930 689 varey,
941 607 1003 668 loh.
1017 606 1052 694 de
1062 607 1214 669 Goncelino

135 702 248 766 arbitris
259 704 472 766 arbitratoribus
488 718 517 767 et
532 704 723 767 amicabilibus
740 704 974 785 compositoribus
988 704 1059 766 datis
1076 719 1104 767 et
1120 705 1230 779 electis,

136 802 173 863 ab
189 799 258 865 illbus
270 803 338 864 viris
353 801 532 883 supradictis,
544 814 627 882 prout
640 801 668 862 in
681 800 771 862 littera
784 819 867 880 supra
884 801 986 880 scripta
1007 801 1115 881 plenius
1144 819 1216 863 con-

131 899 241 962 timetur
253 920 261 978 ;
278 900 324 981 qui
338 898 403 960 dicti
413 899 462 959 dd.
477 898 584 973 arbitri,
601 910 731 977 presente
745 896 781 957 ill¹
794 896 919 977 principe
931 896 1008 958 doni.
1022 903 1106 959 Petro
1114 899 1215 960 comite
1260 937 1261 940 =

134 987 277 1058 sabaidie
293 1009 321 1058 et
332 994 557 1070 conscenciente,
567 994 709 1067 dixerunt,
721 992 976 1074 pronunciaverunt
982 1007 1010 1055 et
1018 994 1217 1056 ordinaverunt

127 1093 226 1155 uictas
239 1105 333 1173 partes
357 1091 536 1153 amicabiliter
559 1089 753 1171 componendo
773 1089 801 1151 in
817 1091 891 1151 hunc
904 1089 1018 1152 modum
1035 1111 1042 1152 :
1062 1091 1090 1153 in
1106 1093 1213 1173 primis,

135 1190 213 1272 quod
226 1190 249 1252 si
262 1189 379 1270 predicti
393 1188 469 1250 dom.
486 1189 592 1250 electus
609 1201 636 1249 et
649 1187 794 1267 dalphinus
811 1186 921 1268 aliquod
949 1188 1053 1250 habent
1070 1190 1163 1252 odium
1180 1192 1215 1254 ad

133 1285 257 1347 invicem
271 1284 384 1347 racione
399 1285 518 1365 predict.
531 1285 717 1365 questionum,
729 1304 781 1364 pro
791 1303 822 1345 se
829 1285 917 1345 etsuis
927 1285 1089 1349 valitoribus
1098 1287 1216 1366 jurendo

128 1382 216 1464 pacis
227 1383 347 1445 invicem
367 1383 463 1444 federa
474 1382 597 1445 totaliter
609 1382 756 1444 remictant
768 1401 777 1459 ;
790 1383 940 1444 voluerunt
953 1384 1039 1445 eciam
1060 1397 1088 1446 et
1101 1384 1217 1448 ordina-

130 1495 240 1543 ⁴verunt
253 1481 329 1562 quod
346 1480 487 1562 predictus
510 1482 587 1542 dom.
604 1481 750 1561 dalphinus
772 1500 855 1541 omne
878 1480 970 1559 juset
998 1480 1135 1544 actionem
1162 1501 1217 1562 que

137 1577 190 1638 sibi
210 1591 373 1658 competunt
394 1579 423 1639 in
439 1592 532 1640 castro
550 1592 578 1640 et
601 1578 795 1639 mandamento
822 1577 857 1638 de
877 1584 1007 1658 Septemo
1033 1592 1081 1640 aut
1097 1578 1162 1640 villa
1182 1578 1217 1640 de

131 1675 309 1754 -Sperenchia
330 1683 364 1737 a'c
380 1676 553 1756 pertinentiis
565 1675 687 1756 ipsarum
702 1675 801 1755 quittet
814 1688 842 1736 et
864 1675 985 1736 totaliter
1001 1677 1121 1738 remittat
1143 1676 1218 1738 dicto

130 1770 216 1832 dom.
230 1772 321 1834 electo
331 1785 360 1833 et
371 1772 494 1850 ejusdem
511 1771 735 1848 successoribus;
763 1784 790 1832 et
820 1770 968 1832 voluerunt
994 1784 1022 1832 et
1050 1770 1219 1834 diffinierunt

137 1868 215 1948 quod
229 1868 257 1929 in
272 1869 564 1948 recompensacionem
578 1867 736 1930 remicionis
758 1866 893 1948 predicte,
912 1867 1002 1928 dictus
1020 1866 1095 1928 dom.
1114 1868 1218 1930 electus

138 1964 188 2026 det
197 1978 226 2026 et
236 1965 360 2046 assignet
372 1964 400 2026 in
409 1965 522 2028 feudum
536 1965 607 2027 infra
621 1984 706 2026 unum
721 1983 823 2026 annum
836 1984 852 2025 a
874 1964 945 2026 sesto
959 1964 1087 2026 Omnium
1104 1971 1219 2026 Sancto-

137 2079 201 2121 rum
232 2080 314 2122 unam
341 2061 453 2122 domum
484 2061 619 2123 fortalicie
644 2060 835 2142 acquirendam
849 2060 894 2121 vel
921 2061 1082 2142 acquisitam
1096 2074 1125 2123 et
1138 2061 1217 2124 sitam

135 2157 210 2219 inter
220 2158 366 2219 Rodanum
381 2170 409 2220 et
422 2158 637 2237 iseramcujus
659 2157 757 2220 domus
770 2157 935 2238 pertinentia
964 2159 1076 2219 valeant
1101 2172 1216 2221 centum

135 2253 224 2315 libras
246 2255 383 2316 Viennen.
408 2256 561 2331 annuatim,
585 2268 624 2317 et*
637 2255 750 2318 feudum
779 2255 852 2317 dicte
883 2255 982 2317 domus
1000 2269 1029 2317 et
1053 2257 1218 2336 pertinentia

135 2366 226 2431 penes
238 2349 343 2412 dictum
360 2351 436 2413 dom.
463 2351 623 2432 dalphinum
637 2365 780 2413 remaneat
793 2364 822 2413 et
835 2369 1011 2413 successores
1032 2352 1168 2431 ejusdem,
1191 2368 1221 2416 et

133 2447 253 2529 quodsi
270 2447 360 2510 dictus
369 2449 446 2510 dom.
459 2438 723 2530 dalphinus'dictum
736 2449 848 2510 feudum
863 2449 990 2530 aquirere
998 2448 1117 2511 voluerit
1130 2470 1219 2532 usque

137 2539 174 2606 ad
192 2544 261 2615 dict.
277 2558 398 2625 tempus,
423 2546 513 2608 dictus
526 2546 603 2609 dom.
634 2548 738 2609 electus
763 2559 892 2608 teneatur
909 2544 998 2606 eidem
1019 2546 1128 2608 solvere
1141 2547 1220 2628 quin·

130 2654 237 2722 1gentas
251 2641 336 2703 libros
346 2642 483 2704 viennen.
502 2662 510 2703 ε
526 2642 602 2723 00οά
622 2642 645 2704 si
659 2662 717 2703 non
731 2642 846 2718 iaceret,
872 2655 1000 2704 teneatur
1024 2642 1118 2704 facere
1134 2658 1220 2724 prout

135 2756 223 2820 supra
238 2738 378 2819 ¹scriptum
393 2751 436 2800 est
448 2757 457 2816 3
472 2738 538 2800 item
552 2739 712 2815 voluerunt,
722 2737 893 2800 diffinierunt
899 2751 927 2800 et
934 2739 1132 2802 ordinaverunt
1144 2739 1219 2821 quod
1316 2735 1319 2743 ’

133 2836 231 2898 dictus
243 2835 321 2913 dom,
337 2835 442 2898 electus
458 2834 600 2897 bonafide
623 2850 755 2917 procuret
769 2849 853 2916 prout
873 2835 971 2898 melius
986 2836 1088 2916 poterit
1104 2837 1221 2926 qualiter

134 2933 264 2995 decanus
286 2943 315 2994 et
330 2933 480 3013 capitulum
504 2933 684 3012 Lugdunens.
711 2933 811 3013 quittet
823 2945 851 2994 et
868 2932 990 2995 remittat
1002 2933 1128 3014 predicto
1141 2934 1217 2996 dom.

138 3029 271 3109 dalphino
296 3048 393 3090 omnes
413 3029 467 3107 jus,
489 3028 629 3109 querelam
657 3042 685 3090 et
708 3029 847 3090 actionem
872 3049 926 3111 que
945 3029 997 3091 sibi
1011 3044 1176 3111 competunt
1192 3045 1220 3093 et

136 3138 299 3205 competere
321 3138 440 3206 possunt
452 3125 588 3186 incastris
598 3124 634 3186 de
648 3131 785 3207 hnnonay
799 3139 827 3187 et
844 3125 879 3186 de
895 3134 1047 3206 Argentaut
1061 3145 1110 3187 seu
1135 3127 1219 3188 leudo

138 3233 291 3295 eorum,et
301 3221 426 3300 predicta
437 3219 497 3282 fieri
524 3221 607 3282 faciat
621 3239 709 3302 usque
726 3220 761 3282 ad
776 3221 978 3302 Camiprivium
1000 3222 1166 3302 proximum,
1192 3235 1220 3283 et

136 3319 281 3399 plorwalia
295 3320 439 3382 continens
455 3332 539 3401 prout
555 3319 584 3380 in
598 3319 658 3400 ipsa
673 3321 840 3382 continetur.

175 3417 447 3498 qoo.1tem,qued.
469 3416 505 3478 al.
525 3416 615 3478 littera
640 3417 728 3478 tribus
750 3416 845 3497 sigillis
869 3416 898 3477 in
925 3415 1058 3497 pendenti
1088 3415 1216 3496 sigillata,

138 3514 242 3594 scripta
258 3513 309 3574 sub
325 3532 398 3575 anno
413 3513 466 3575 Drii
483 3519 690 3589 M⁰CC⁰XXX⁰,
708 3532 803 3574 mense
817 3512 945 3591 januarii,
975 3513 1119 3573 continens
1143 3512 1218 3592 quod

133 3611 231 3672 dictus
245 3609 321 3671 dom.
333 3609 480 3690 dalphinus
499 3609 664 3671 Viennensis
680 3609 788 3690 accepit
796 3608 825 3669 in
832 3608 945 3670 feudum
958 3607 993 3668 ab
1008 3606 1219 3690 archiepiscopo

138 3706 321 3787 Lugdunensi
334 3720 364 3768 et
375 3706 497 3786 capitulo
512 3698 648 3785 ejusdem
656 3719 746 3767 castra
761 3705 797 3766 de
810 3713 947 3787 Annonay
960 3718 989 3766 et
1005 3705 1040 3765 de
1051 3712 1215 3787 Argentaut,

133 3817 166 3867 et
179 3802 340 3882 homagium
352 3820 404 3882 pro
416 3802 547 3911 predictis
555 3802 700 3882 prestitum
714 3819 766 3882 per
779 3800 898 3863 eundem
916 3816 943 3864 et
956 3796 1087 3862 unionem
1110 3816 1138 3864 et
1156 3803 1218 3922 alli-

133 3899 268 3982 gationes
278 3898 387 3960 factas
379 3912 451 3960 mter
466 3898 552 3979 ipsos.

176 4011 251 4073 40¹·
275 4001 356 4071 Item,
378 3994 469 4074 qued
483 3993 520 4055 al.
536 3994 630 4056 lietera
654 3993 763 4055 duobus
784 3992 902 4074 sigillis
894 4012 922 4055 rn
941 3995 1073 4075 pendenti
1087 3993 1215 4076 sigillata,

127 4091 244 4172 scripta
255 4089 310 4152 sub
323 4101 397 4151 anno
413 4089 467 4151 nni
482 4092 583 4150 M⁰CC⁰
585 4096 645 4150 LX⁰
648 4096 682 4163 1⁰,
700 4089 763 4151 die
756 4090 826 4166 lovis
840 4089 868 4150 in
884 4089 1023 4171 quindena
1035 4089 1218 4151 Purificatio-
