2722 4770
670 428 848 489 -„0-

265 556 350 616 ¹432·
369 520 448 615 item,
465 539 551 621 quod.
575 540 785 603 instrumentum
802 541 959 604 coniectum
970 559 1022 623 per
1034 559 1153 602 manum
1168 540 1296 604 Guillelmi

220 634 257 698 de
272 635 362 698 Podio
376 637 487 713 notarii,
513 637 564 700 sub
583 657 657 701 anno
676 638 764 701 Dnice
778 645 887 705 lucam.
903 640 1135 714 ll⁰ll⁰Lxle⁰,
1159 637 1299 700 continens

220 731 443 815 recognitionem
462 735 618 818 Raymundi
634 735 784 798 Venterolii
802 734 951 812 domicelli,
959 755 1011 816 pro
1025 749 1111 817 parte
1124 735 1232 798 domini
1245 755 1302 797 cas-

220 828 256 891 tri
268 830 304 892 de
316 830 480 907 Vinsobriis,
495 831 647 896 vasionen.
663 830 794 909 diocesis,
811 833 912 895 factam
933 832 1011 894 dom⁰
1026 831 1171 894 Randone
1185 830 1301 914 predicte

220 926 332 989 domine
348 928 552 1005 montisalbani,
568 929 602 990 de
622 946 680 990 xvn
695 942 773 1009 parte
784 928 965 1007 juridictionis
978 943 1007 991 et
1020 927 1183 1010 seiguorie,
1198 928 1265 990 meri
1278 941 1303 990 et

220 1023 297 1087 mixti
309 1024 416 1106 imperii
432 1046 514 1107 quam
530 1025 613 1087 habet
626 1025 653 1086 in
663 1039 756 1088 castro
772 1024 808 1088 dc
825 1026 993 1089 Venterolio.

265 1140 316 1202 143
325 1141 350 1202 3.
364 1130 443 1199 Item,
457 1122 544 1204 quod.
558 1122 770 1186 instrumentum
790 1122 892 1186 lactum
912 1142 995 1185 manu
1009 1122 1083 1184 Guil¹
1099 1123 1138 1186 de
1150 1121 1245 1185 Podio
1256 1140 1303 1184 no-

220 1218 283 1295 tarii
297 1218 374 1302 publ.
388 1218 440 1283 sub
459 1239 533 1283 anno
559 1219 611 1283 Diri
630 1225 837 1297 Mulcuxxvl,
852 1240 900 1282 xm
913 1219 1028 1283 kalend.
1045 1220 1199 1297 februarii,
1216 1218 1304 1283 conti·

221 1336 290 1379 nens
304 1317 380 1398 quod
399 1323 482 1399 lingo
497 1317 594 1379 Porcii
614 1317 649 1381 de
672 1318 832 1382 Venterolio
846 1334 874 1381 ct
891 1317 975 1380 Falco
990 1316 1028 1380 de
1047 1326 1227 1400 Monteyson
1241 1337 1305 1380 con-

220 1404 285 1476 fessi
298 1413 409 1476 luerunt
420 1427 516 1478 tenere
529 1435 545 1476 a
560 1414 638 1477 dom²
652 1415 787 1478 Randona
797 1415 908 1478 domina
922 1415 1025 1478 Montis
1040 1415 1145 1478 Albani
1157 1417 1188 1478 in
1197 1415 1304 1481 feudum

220 1508 345 1572 francum
366 1508 496 1592 quicquid
515 1510 618 1575 babent
633 1512 661 1576 in
677 1527 769 1576 castro
794 1527 822 1575 et
843 1511 983 1575 territorio
995 1512 1032 1575 de
1055 1512 1258 1596 Venteyrolio,
1281 1525 1307 1574 et

221 1604 288 1669 dict.
305 1614 387 1689 Hugo
400 1608 531 1690 quicquid
545 1609 628 1673 babet
637 1611 665 1672 in
678 1624 770 1673 castro
782 1623 810 1672 et
821 1609 960 1673 territorio
972 1609 1008 1673 de
1021 1606 1167 1674 Varriaco'
1190 1624 1220 1674 et
1236 1608 1307 1692 quic·

221 1703 287 1787 quid
303 1706 387 1769 babet
396 1705 424 1767 in
438 1721 530 1769 castro
544 1721 573 1771 et
584 1707 724 1772 territorio
736 1707 772 1770 dc
792 1707 940 1770 Alausone.

266 1820 351 1883 1434.
369 1810 448 1881 ltem,
464 1804 550 1886 quod.
567 1803 776 1867 instrumentum
796 1804 899 1867 lactum
918 1823 1001 1866 manu
1014 1804 1093 1867 Petri
1105 1804 1142 1867 de
1155 1804 1306 1878 Lacermis,

221 1901 320 1971 notarii
335 1902 412 1982 publ.
431 1902 483 1963 sub
498 1921 572 1973 anno
595 1902 649 1964 Diri
665 1908 899 1976 rn⁰11cuxxvr11‚
910 1901 1058 1964 continens
1072 1902 1305 1984 recognicionem

220 1996 321 2061 factam
331 2017 382 2079 per
394 1999 469 2059 dom.
486 1997 661 2060 Guillelmum
670 1999 705 2060 de
716 2006 812 2060 Monte
824 1998 924 2078 Rupho
939 2011 966 2059 et
976 1997 1136 2060 Giraudum
1147 1998 1210 2077 ejus
1225 1996 1307 2059 filium

221 2092 299 2157 dom⁰
318 2093 483 2178 Raymundo
497 2094 640 2169 canteri,
652 2095 765 2157 domino
782 2093 884 2156 Montis
903 2093 1012 2170 Albani,
1028 2093 1147 2157 racione
1165 2095 1243 2157 dotis
1259 2093 1308 2156 stbi

220 2182 370 2253 constitute
394 2211 445 2272 per
465 2182 541 2252 dom.
569 2191 731 2253 Randonam
747 2190 886 2253 dominam
907 2189 1010 2252 Montis
1037 2190 1153 2268 Albani,
1177 2192 1308 2277 heredem

221 2285 295 2350 dom¹
311 2287 473 2370 Dragoneti,
491 2287 527 2350 de
539 2286 667 2369 omnious
672 2287 779 2367 juribus
792 2308 847 2370 que
863 2287 1005 2351 habebant
1019 2287 1166 2351 incastris
1187 2286 1308 2351 Varriaci

221 2382 301 2448 etde
318 2386 440 2449 Raterio'.
1120 2464 1124 2471 Ι
1277 2411 1281 2418 ·

266 2499 349 2564 ¹435·
371 2491 449 2562 ltem,
474 2485 511 2547 al.
524 2483 736 2547 instrumentum
751 2482 908 2546 conlectum
930 2500 1013 2542 manu
1028 2480 1098 2543 dicti
1115 2480 1196 2543 Petri
1211 2481 1247 2543 de
1262 2487 1310 2541 La·

220 2575 333 2654 cermis,
353 2598 426 2642 anno
451 2581 505 2643 oni
523 2588 758 2656 multuxxxrtl,
785 2578 932 2641 cominens
954 2572 1191 2658 rec'og'nicionem
1210 2580 1309 2642 factam

220 2680 272 2756 per
285 2674 396 2737 fratrem
411 2677 584 2740 Guillelmum
607 2678 642 2741 de
665 2678 798 2754 Vilareto,
823 2677 943 2757 priorem
969 2676 1065 2737 Sancti
1092 2677 1187 2758 Egidii
1213 2678 1310 2741 domus

223 2772 384 2851 Hospitalis,
399 2775 477 2837 dom⁰
495 2775 815 2861 RaymundoGaulredi,
834 2774 947 2836 domino
962 2775 1199 2853 mentientium,
1225 2796 1309 2840 occa-

144 2934 149 2945 ,
220 2866 300 2930 sione
313 2868 386 2933 dotis
400 2873 548 2936 constitute
540 2893 611 2966 per
625 2874 726 2935 dictam
741 2873 817 2934 dom
835 2870 999 2933 Randonam
1020 2870 1058 2933 de
1072 2886 1170 2934 castro
1189 2888 1219 2936 et
1230 2873 1312 2936 te'rri·

221 2960 295 3027 torio
317 2967 352 3029 de
375 2977 533 3052 Qtayrana,
551 2984 580 3032 et
594 2970 629 3033 de
645 2969 814 3050 proprietate
838 2982 866 3030 et
888 2966 1012 3029 dominio
1029 2969 1109 3049 quod
1132 2962 1223 3033 hab'et
1247 2970 1311 3032 dict.

224 3056 389 3141 llospitale
381 3083 408 3126 m
422 3066 520 3128 castris
532 3065 567 3128 de
576 3064 756 3146 Venteyrolio
769 3078 798 3126 et
810 3064 846 3126 de
858 3070 957 3126 Castro
972 3064 1087 3127 Raterio
1100 3079 1130 3127 et
1145 3067 1185 3129 de
1201 3074 1314 3150 Noray-

222 3176 291 3223 sano
306 3173 333 3221 et
347 3160 375 3222 in
388 3160 495 3225 bastida
513 3163 604 3224 Sancti
623 3159 746 3222 Mauricii
762 3174 791 3222 et
804 3160 949 3222 territoriis
964 3161 1144 3223 eorumdem.

269 3264 353 3339 1436
372 3267 438 3322 item
443 3261 552 3343 ,quod
567 3260 777 3323 instrumentum
792 3259 928 3339 signatum
943 3266 995 3339 ρει·
1009 3259 1210 3353 alphabetum,
1225 3262 1315 3372 scrip-

222 3353 281 3421 tum
297 3377 348 3439 per
366 3342 547 3419 bertrandum
568 3353 710 3436 Emponici
727 3353 779 3416 sub
795 3374 870 3416 anno
887 3354 941 3415 11111
958 3345 1084 3432 11011111,
1109 3376 1212 3420 mense
1236 3356 1314 3439 junii,

223 3456 370 3519 continens
384 3452 487 3537 quand.
504 3452 682 3516 concordiam
696 3451 821 3515 iactam
812 3465 884 3513 mter
899 3450 1030 3513 dominos
1049 3454 1159 3516 Montis
1177 3456 1317 3519 Draconis

223 3567 252 3615 et
281 3552 408 3614 dominos
427 3549 622 3626 Petrelate,1n
647 3568 700 3630 qua
719 3549 791 3610 inter
809 3562 902 3610 cetera
921 3548 1081 3610 continetur
1103 3552 1184 3632 quod
1211 3543 1316 3616 domini

226 3649 362 3711 Petrelate
377 3661 523 3711 teneantur
537 3647 655 3709 dominis
670 3646 772 3708 Montis
789 3645 923 3707 Draconis
938 3659 966 3707 et
985 3665 1085 3707 eorum
1098 3651 1317 3732 successoribus

225 3742 461 3823 succedentibus'
454 3763 481 3804 ιιι
496 3742 580 3804 feudo
594 3743 739 3805 Petrelate
746 3740 867 3803 debeant
882 3741 952 3802 duas
965 3741 1119 3823 albergas
1110 3764 1140 3805 m
1154 3752 1234 3809 anno
1249 3766 1318 3828 quo·

225 3836 291 3900 libet
315 3858 377 3902 cum
399 3839 602 3921 quinquaginta
626 3827 821 3924 equitantibus,
851 3837 936 3900 videl.
965 3854 1056 3899 unam
1072 3861 1089 3902 a
1109 3842 1186 3905 lesto
1208 3844 1317 3907 Pascite

184 3952 188 3956 ·
226 3952 313 4015 usque
331 3934 414 3997 3-11
400 3936 500 4017 festum
524 3934 710 4018 b¹Miclraelis
724 3948 752 3997 et
765 3935 847 3996 aliam
857 3931 971 4023 alento
975 3934 1003 3995 b¹
1017 3934 1168 4000 Michaelis
1180 3939 1316 4023 usquead

225 4028 324 4092 festum
336 4011 456 4095 Pasclte.
539 4036 544 4067 ³

270 4144 353 4205 ¹437
372 4136 451 4200 ltem,
468 4119 524 4187 due
537 4107 634 4190 littere
631 4113 924 4207 auctenticeejusdem
934 4127 1041 4191 tenoris
1056 4130 1085 4192 in
1101 4117 1244 4212 pendenti
1257 4132 1317 4196 b'ul-

226 4224 279 4286 latc
292 4225 380 4288 tribus
394 4223 476 4287 bullis
489 4221 624 4301 plumbeis
637 4237 665 4286 et
679 4224 785 4306 signate
798 4243 848 4304 per
858 4224 1038 4304 aphabetur'n,
1050 4228 1106 4290 s'ub
1119 4246 1199 4294 anno
1215 4224 1317 4293 111160ο
