2716 4784
600 384 757 460 ..78-

142 519 312 581 amicabilem
327 516 512 579 'concordiam
526 535 576 578 seu
590 516 819 577 transsaetionem
835 515 936 576 lactan
950 515 1026 576 inter
1039 515 1102 576 illem
1116 516 1207 596 princi·

141 636 205 697 pem
220 615 360 676 dominum
377 628 502 676 nostrum
516 614 593 675 dom.
613 613 797 675 humbertum
813 612 975 692 dalphinum
990 612 1207 676 Viennensemet

142 712 290 775 nonnullos
306 712 431 773 homines
441 712 476 773 de
494 710 636 785 Romanis,
658 710 817 772 nominibus
829 709 886 772 suis
903 724 931 772 et
941 710 1063 773 aliorum
1080 711 1207 772 hominm

141 808 328 871 universitatis
344 808 479 888 predicte,
495 827 579 888 super
593 807 709 868 diversis
723 821 752 868 et
764 806 866 868 mutuis
888 807 1086 888 questionibus
1107 821 1136 870 et
1155 827 1209 869 ran·

143 906 227 982 curis,
243 920 325 986 prout
336 906 363 966 in
380 906 441 986 ipso
455 906 637 966 instrumento
655 903 762 984 plenius
777 904 944 967 continetur.

187 1021 252 1083 397.
271 1009 351 1079 Item,
367 1002 453 1083 quod.
470 1002 506 1063 al.
532 1001 744 1063 instrumentum
759 1000 837 1080 publ.
853 1000 986 1080 scriptum
1015 1020 1105 1064 manu
1121 1002 1210 1065 siben

143 1103 179 1164 de
190 1103 300 1185 Brayda
311 1103 411 1164 notarii
420 1102 572 1183 publ.,sub
579 1121 652 1162 anno
666 1102 720 1162 Diti
730 1106 919 1176 weccuw,
936 1112 1002 1161 inua
1020 1102 1129 1164 mensis
1143 1101 1209 1182 junii,

142 1201 287 1262 continens
315 1199 507 1261 vendicionem
532 1199 674 1277 cujusdam
697 1199 798 1259 domus
819 1197 920 1259 iactam
947 1197 982 1259 ill¹
1003 1199 1127 1280 principi
1147 1199 1210 1261 don⁰

141 1310 239 1359 nostro
256 1296 388 1376 dalphino
401 1316 451 1376 per
465 1298 541 1358 dom.
554 1295 713 1384 nmaudam
726 1314 842 1368 uxorem
858 1294 977 1357 condam
991 1295 1072 1357 dom¹
1093 1296 1210 1359 Richardi

145 1394 270 1471 Berardi,
289 1413 344 1474 que
357 1394 456 1455 domus
472 1394 524 1455 sita
547 1406 590 1455 est
613 1392 687 1471 apud
699 1392 839 1467 cerviam,
858 1392 933 1470 juxta
949 1393 1122 1456 fortalicium
1141 1396 1211 1457 castri

143 1490 179 1551 de
192 1490 302 1564 cervia,
319 1491 494 1552 confrontata
513 1511 529 1551 a
549 1503 626 1570 parte
645 1508 698 1550 una
714 1508 777 1551 cum
789 1490 907 1552 ecclesia
921 1489 988 1552 dieti
1004 1492 1104 1569 castri,
1131 1494 1173 1555 via
1187 1493 1209 1553 in

142 1587 245 1661 medio,
262 1601 290 1649 et
308 1607 323 1648 a
338 1602 416 1668 perte
430 1588 483 1648 alia
496 1607 559 1648 cum
579 1586 704 1666 hospicio
723 1587 859 1667 Guigonis
879 1582 924 1649 del
948 1595 1105 1670 Frayseus,
1129 1589 1209 1670 precio

143 1698 210 1744 xio<a
227 1698 254 1746 et
268 1704 299 1744 ve
316 1683 446 1745 librarum
466 1685 601 1745 viennen.
619 1697 701 1763 prout
719 1684 747 1744 in
764 1684 826 1763 ipso
845 1684 1031 1747 instrumento
1047 1686 1207 1748 continetur.

187 1781 252 1861 398.
284 1788 363 1856 ltem,
392 1780 476 1861 qued.
502 1780 597 1842 lietera
617 1779 645 1840 in
673 1779 806 1860 pendenti
831 1780 940 1842 duobus
965 1780 1066 1860 sigillis
1091 1781 1208 1862 sigillata,

143 1877 245 1958 scriptu
261 1877 313 1939 suh
323 1897 395 1939 anno
415 1877 467 1938 oni
482 1883 696 1950 M⁰CC⁰LX⁰V⁰‚
712 1877 858 1939 continens
871 1879 1108 1957 compromissum
1120 1881 1209 1942 factum

142 1971 214 2034 inter
228 1974 304 2034 dom.
322 1972 478 2053 Philippum
496 1974 546 2034 Dei
561 1973 648 2053 gratia
663 1972 751 2052 prime
762 1974 956 2053 Lugdunensis
968 1975 1093 2038 ecclesie
1102 1977 1209 2039 electum

143 2089 178 2130 ex
190 2088 244 2130 una
258 2083 338 2150 parte
354 2083 382 2130 et
394 2069 454 2130 illem
474 2069 626 2149 principem
654 2070 731 2131 dom.
762 2071 918 2151 Guigonem
941 2072 1108 2152 dalphinum
1136 2073 1210 2136 Vien-

142 2185 258 2227 nensem
269 2185 309 2227 ex
324 2165 421 2241 altera,
437 2165 483 2246 qui
498 2185 529 2226 se
541 2167 804 2246 compromisserunt
816 2167 843 2228 in
860 2171 944 2229 venles
971 2169 1050 2232 viros
1065 2171 1210 2252 Gnigonen

145 2263 262 2347 Papani,
282 2263 465 2325 humbertum
480 2263 620 2324 dominum
637 2264 673 2325 de
688 2272 782 2326 Monte
799 2264 954 2344 Luppellio,
966 2267 1134 2347 magistrum
1148 2266 1211 2329 Guil

102 2422 105 2429 ,
143 2346 253 2420 lelmum
264 2359 299 2420 de
312 2367 403 2442 Varey
421 2374 450 2422 et
462 2361 623 2440 nmgistmm
638 2361 790 2424 iohannem
806 2361 842 2423 de
856 2361 1024 2440 Goncelino,
1046 2377 1177 2448 tanquam
1187 2363 1210 2425 in

141 2456 321 2519 arbitratones
331 2457 500 2533 amicabiles,
516 2477 600 2538 super
612 2457 803 2538 questionibus
817 2472 846 2518 et
855 2459 975 2539 querelis
990 2479 1064 2540 quas
1083 2461 1210 2524 habebant

142 2554 309 2616 adinvicem
325 2574 408 2635 super
434 2554 519 2616 feudo
540 2568 694 2616 castrorum
710 2555 746 2616 de
762 2563 934 2635 Annonyaeo
955 2557 984 2617 e't
1002 2556 1039 2618 de
1055 2564 1208 2638 Argentan,

143 2652 218 2732 quod
243 2651 353 2713 dicebat
372 2651 462 2713 dictus
479 2651 555 2711 dom.
584 2650 687 2712 electus
714 2649 794 2711 adse
809 2649 948 2730 pertinere
968 2652 1081 2715 ratione
1105 2653 1209 2715 ecclesie

144 2747 348 2826 Lugdunensis,
361 2760 391 2809 et
401 2766 486 2826 super
499 2759 590 2808 castro
603 2747 639 2808 de
654 2752 784 2826 Septemo
799 2759 828 2807 et
840 2745 1019 2826 pertinenciis
1032 2744 1209 2810 mandamentl

142 2842 277 2920 ejusdem,
293 2844 369 2924 quod
384 2845 474 2905 dietus
491 2843 568 2905 dom.
585 2841 732 2922 delphinus
746 2842 898 2924 dicebatad
913 2845 1098 2923 sepertinere
1109 2843 1208 2906 racione

143 2938 256 2999 dominii
273 2952 302 3000 et
309 2959 371 3001 esse
384 2940 419 3001 de
432 2940 516 3001 heudo
529 2952 636 3015 suo,et
649 2958 733 3019 super
747 2940 822 3000 omni
836 2940 981 3020 questione
1007 2955 1086 3004 mota
1100 2955 1128 3003 et
1154 2958 1208 3001 mo·

140 3035 235 3096 venda
264 3035 336 3098 inter
350 3037 443 3117 ipsos,
462 3037 560 3099 dantes
588 3050 616 3098 et
644 3036 831 3110 concedentes
856 3037 931 3117 quod
957 3039 1079 3118 predicti
1104 3051 1208 3121 quatuor

142 3133 393 3213 possintpredictas
408 3134 569 3215 questiones
583 3146 611 3194 et
625 3133 751 3214 querelas
759 3133 944 3195 determinare
956 3135 1113 3196 seeundum
1124 3133 1208 3196 volun·

142 3242 227 3292 tatem
239 3250 331 3309 suam,
349 3251 445 3311 pacem
459 3232 505 3292 vel
518 3230 733 3292 transactionem
759 3230 887 3292 faciendo
908 3245 992 3312 prout
1013 3232 1055 3294 eis
1069 3231 1204 3304 videbitur,

143 3341 171 3389 et
190 3328 316 3410 quitquid
331 3329 447 3408 predicti
458 3341 576 3409 quatuor
589 3328 634 3389 vel
649 3328 704 3388 duo
719 3327 755 3388 de
769 3327 836 3407 ipsis
847 3328 1062 3392 terminaverint
1076 3350 1139 3392 cum
1152 3345 1206 3390 con

135 3420 202 3483 silio
214 3421 260 3482 illis
273 3421 324 3482 viri
343 3421 419 3482 dom.
436 3423 511 3482 Petri
525 3423 632 3484 comitis
650 3422 800 3497 sabaudie,
814 3424 889 3504 quod
910 3425 1016 3488 hahere
1038 3441 1069 3488 et
1087 3426 1205 3509 sequite-

141 3534 258 3581 neantur
273 3520 468 3581 inviolabiliter
484 3535 566 3600 prout
584 3521 612 3581 in
628 3522 688 3601 ipso
704 3522 887 3584 instrumento
900 3523 1062 3586 continetur
1077 3538 1097 3587 ¹.

185 3633 251 3698 399.
267 3623 346 3693 Item,
359 3618 443 3698 qued.
456 3618 545 3680 littera
557 3632 664 3697 septem
675 3618 770 3698 sigillis
782 3618 810 3679 in
824 3619 957 3698 pendenti
969 3621 1103 3701 sigillata,
1117 3622 1207 3702 scripta
1219 3607 1222 3618 ¹

142 3712 194 3774 sub
204 3733 278 3774 anno
293 3714 348 3776 Diri
365 3720 589 3791 M⁰CC⁰LX⁰V1⁰,
605 3714 750 3776 continens
776 3715 1054 3795 pronunciacionem,
1071 3739 1168 3800 pacem
1187 3728 1209 3779 et

142 3811 319 3872 concordiam
336 3812 438 3873 factam
454 3832 503 3874 seu
518 3813 605 3875 factas
615 3811 687 3873 inter
702 3811 822 3874 illustres
853 3826 881 3874 et
894 3826 1024 3893 potentes
1038 3816 1119 3880 viros
1142 3816 1208 3878 dom.

143 3909 299 3989 Philippum
314 3909 365 3971 Dei
380 3911 468 3990 gratia
482 3911 569 3990 prime
584 3909 778 3990 Lugdunensis
793 3909 910 3971 ecclesie
925 3910 1078 3995 (electum)
1096 3928 1126 3977 et
1144 3913 1211 3974 dom.

182 4128 204 4165 t.
220 4111 258 4165 En
273 4127 307 4167 m.
324 4110 360 4166 De
374 4111 440 4166 lacto
454 4111 632 4185 archiepiscopi
647 4110 762 4181 Lugdun.
779 4111 900 4167 Videatur
913 4129 960 4185 pro
973 4112 1043 4169 iacto
1058 4115 1173 4190 Septimi.
