2716 4784
594 439 633 452 -ι
654 424 698 483 74
715 439 751 453 u

134 554 203 598 nens
213 536 371 617 homagium
386 537 531 617 prestitum
544 555 595 617 per
614 535 736 599 nobilem
752 537 842 598 virum
858 537 1020 619 Aynardum
1047 536 1111 598 uice
1132 536 1214 598 comi

133 643 189 693 tem
203 644 231 692 et
244 631 385 693 dominum
403 631 578 694 clarimontis
602 632 680 693 dom⁰
711 630 865 693 Humberto
893 631 1024 712 dalphino
1051 630 1210 707 Viennensi,

135 727 213 789 salvo
237 727 367 808 homagio
390 727 507 790 ecclesie
526 727 699 804 Viennensis,
729 746 781 789 nec
795 745 852 789 non
866 739 894 790 et
915 726 1145 808 recognicionem
1166 746 1212 806 per

135 824 226 905 ipsum
241 824 382 885 dominum
398 824 574 887 clarimontis
597 824 698 887 iactam
720 823 755 886 de
773 824 871 887 castris
883 824 919 886 de
933 823 1057 900 viriaco,
1074 823 1110 885 de
1132 823 1212 885 Pela-

136 923 235 996 druco,
251 922 287 983 de
304 928 407 984 Sancto
426 924 565 1002 Stephano
584 921 619 984 de
634 921 801 1004 Voluleyno‚
818 920 853 984 de
874 919 1021 1002 parrochia
1037 916 1134 982 Sancti
1148 925 1213 981 Ger-

135 1019 207 1081 mani
220 1018 255 1081 de
266 1025 441 1094 cormorasa,
458 1019 493 1081 de
508 1032 600 1081 castro
616 1018 651 1080 de
662 1018 723 1081 Alta
735 1017 835 1099 Rippa‚
864 1018 899 1081 de
925 1017 1076 1081 medietate
1103 1017 1210 1081 bastide

136 1115 172 1176 de
189 1113 332 1191 Divisin03
348 1115 493 1176 continens
506 1115 588 1176 etiam
604 1113 679 1195 quod
694 1113 768 1176 idem
784 1114 860 1178 dom.
877 1113 1024 1196 dalphinus
1038 1113 1147 1181 diuum
1160 1108 1213 1196 dyss

136 1210 201 1274 lecit
215 1211 276 1273 vice
292 1211 422 1274 comitem
440 1212 616 1274 clarimontis
628 1212 656 1273 in
674 1211 775 1274 Triviis
792 1225 820 1275 et
836 1212 871 1274 de
900 1210 1066 1294 Royssanis‚
1094 1209 1208 1292 Dyensis

136 1307 267 1383 diocesis,
283 1308 428 1370 continens
440 1308 527 1370 eciam
544 1308 637 1389 plures
661 1307 804 1388 pactiones
835 1321 864 1370 et
884 1306 1093 1369 convenciones
1113 1306 1208 1371 inlitu

137 1404 323 1466 interdictum
339 1404 415 1466 dom.
441 1405 600 1486 dalphinum
622 1418 650 1467 et
670 1404 863 1467 vicecomitem
886 1403 1075 1480 clarimontis,
1106 1404 1209 1485 quein

137 1500 258 1580 presenti
268 1513 393 1581 regestro
407 1515 520 1582 propter
530 1501 713 1581 prolixitatem
726 1499 831 1562 narrari
850 1519 907 1562 non
921 1513 1049 1580 possunt.

182 1616 247 1677 379.
266 1605 344 1673 item,
362 1598 447 1679 qued.
464 1598 542 1659 litere
566 1597 668 1678 scripte
677 1597 751 1676 apud
766 1603 896 1659 Sanctum
909 1596 1060 1671 Albanum,
1076 1596 1111 1661 in.
1133 1597 1209 1659 domo

138 1693 246 1756 abbatis
260 1694 353 1756 Sancti
367 1695 441 1756 Petri
453 1694 520 1756 loris
534 1707 654 1774 portam,
670 1712 764 1757 coram
778 1693 891 1759 notario.
913 1692 1077 1759 officialum
1098 1694 1208 1775 Lugdu-

139 1888 294 1951 debuerunt
320 1889 431 1970 sigillari
459 1889 547 1969 sigillo
562 1888 688 1951 officialis
711 1887 838 1969 Lugduni
860 1901 888 1950 et
910 1887 1000 1968 sigillo
1014 1885 1210 1967 archiepiscopi

139 1985 204 2048 dicti
214 1985 278 2061 loci,
294 1984 359 2048 licet
375 1985 491 2066 sigillate
508 2004 564 2047 non
575 1985 677 2047 fuerint
687 1996 807 2064 reperto,
825 1983 1003 2051 continentes
1025 1982 1107 2063 quod
1117 1981 1214 2047 noblis

21 2144 24 2149 ,
138 2080 258 2142 lacobus
272 2080 401 2142 dominus
416 2081 451 2141 de
466 2081 610 2162 Geireysio
623 2081 708 2145 dabat
722 2080 799 2145 dom⁰
816 2080 936 2145 cuidoni
947 2079 1085 2161 Delphini.
1094 2092 1208 2144 mooun

138 2195 218 2238 suum
232 2176 279 2238 de'
288 2176 396 2238 viriaco
411 2177 492 2238 situm
506 2197 590 2257 supra
604 2190 725 2240 castrum
738 2178 773 2241 de
787 2176 943 2252 malavalle,
972 2175 1215 2243 Viennensisdio.

137 2273 219 2348 cesis,
237 2286 265 2335 et
278 2272 390 2334 domum
406 2293 483 2335 suam
509 2274 545 2336 de
568 2275 749 2357 chavannay,
776 2273 901 2353 eiusdem
924 2272 1060 2349 diocesis,
1077 2291 1145 2339 curu
1157 2273 1205 2335 suis

139 2369 244 2449 juribus
258 2383 286 2434 et
301 2370 484 2451 pertinentiis,
499 2384 528 2434 et
541 2371 674 2454 originale
688 2385 731 2434 est
747 2370 924 2452 registratum
935 2369 963 2432 in
977 2368 1101 2451 registro
1114 2369 1209 2432 instro

141 2481 297 2533 mentorum
308 2481 382 2531 terre
396 2467 503 2530 Turris.

201 2651 404 2728 SEQJNTUR
420 2649 689 2709 INSTRUMENTA
701 2650 933 2710 DOMINORUM
948 2649 1092 2706 nYMAttl
1112 2648 1159 2707 ET

146 2747 320 2803 LUDOVlCl
359 2747 407 2802 DE
444 2747 614 2803 PlCTAVlA
654 2747 700 2802 ET
728 2747 897 2806 ALIORUM
924 2742 1210 2807 PICTAVIENSIUM

182 2837 356 2899 continentia
370 2837 499 2917 homagia
513 2850 541 2899 et
548 2838 752 2919 recognitiones
766 2857 817 2918 per
832 2836 946 2902 eosdem
958 2835 1177 2905 tactacettacta

399 2933 511 2996 domino
526 2948 622 2996 nostro
650 2935 780 3015 dalphino
796 2932 957 2998 Viennensi.

186 3047 251 3125 380.
272 3046 377 3122 Primo,
398 3047 517 3128 quedam
531 3048 610 3110 litera
624 3045 740 3129 sigillata
768 3048 857 3115 trihus
880 3046 986 3129 sigillis,
1015 3046 1125 3128 scripta·
1144 3061 1208 3110 aaut

145 3143 255 3209 Domini
270 3149 487 3219 M⁰cc⁰XXlll⁰,
502 3144 647 3206 continens
660 3144 737 3225 quod
752 3151 889 3227 Aymarus
907 3144 943 3206 de
963 3143 1089 3206 Pictavia
1106 3141 1211 3224 petebat

143 3261 159 3303 a
185 3239 315 3320 dalphino
336 3242 440 3301 llllllm
461 3240 566 3303 solidos
591 3260 642 3321 pro
663 3242 835 3304 restitutione
863 3240 936 3305 dotis
965 3239 1020 3303 filie
1046 3226 1207 3322 ipsiusdiu

142 3338 254 3420 nymari
271 3337 306 3399 de
330 3338 452 3400 Pictavia
473 3338 621 3419 uxorisque
646 3337 712 3400 dicti
725 3338 797 3400 domi
819 3337 952 3418 delphini,
971 3351 999 3400 et
1022 3336 1075 3403 fuit
1099 3351 1211 3402 cotem*

144 3435 238 3498 datum
251 3436 326 3518 quod
341 3434 431 3498 eidem
445 3443 565 3518 aymaro
576 3435 751 3501 solverentur
766 3438 852 3512 xxm,
867 3448 951 3516 prout
963 3435 1015 3497 hec
1032 3447 1062 3501 et
1075 3429 1208 3514 pluraala

144 3531 175 3596 in·
187 3533 262 3595 dicto
274 3533 456 3595 instrumento
470 3533 658 3596 continentur.

188 3631 254 3707 381.
268 3638 348 3706 Item,
357 3629 441 3711 qued.
458 3628 536 3691 litera
549 3629 577 3691 in
591 3629 722 3710 pendenti
733 3629 854 3710 quinque
871 3627 969 3709 sigillis
978 3626 1109 3708 sigillata,
1121 3625 1215 3706 scriptu

145 3727 196 3790 sub
213 3746 286 3788 anno
302 3732 516 3802 M⁰cc⁰LVlll⁰,
533 3726 678 3789 continens
695 3725 914 3807 recognitionem
933 3725 1035 3789 lectam
1053 3723 1139 3787 dum⁰
1162 3720 1213 3784 dal-

145 3821 229 3902 phino
249 3823 284 3885 de
299 3837 389 3885 castro
404 3837 432 3885 et
446 3823 536 3904 burgo
551 3823 634 3886 Stelle
648 3843 698 3904 per
714 3830 867 3905 nymarum
880 3823 915 3887 de
930 3820 1069 3898 Pictauia,
1084 3833 1117 3884 et
1130 3821 1218 3904 pluras

144 3919 213 3983 alias
227 3919 401 3982 conditiones
422 3919 451 3981 in
465 3919 525 4000 ipsa
537 3919 615 3982 litera
627 3933 784 3985 contentas
891 3906 893 3912 ¹

188 4016 253 4095 382.
285 4022 364 4092 Item,
392 4015 476 4097 qued.
506 4015 602 4079 lietera
628 4015 738 4078 duobus
757 4015 853 4098 sigillis
878 4015 906 4075 in
936 4013 1069 4095 pendenti
1090 4011 1217 4096 sigillata,

145 4112 247 4197 scripta
261 4111 313 4176 sub
327 4132 399 4176 anno
416 4112 471 4175 Diri
488 4119 571 4175 llsllc
585 4122 698 4194 octuag⁰
714 4119 776 4190 111⁰,
800 4111 887 4194 pridie
910 4109 972 4174 idus
986 4109 1056 4190 julii,
1074 4111 1220 4180 continens
