2722 4770
511 413 546 424 ..
571 396 688 456 207..

56 517 175 592 Mayreu
197 507 361 570 domicellus
385 507 513 571 vendidit
540 510 694 572 humberto
719 510 834 572 domino
861 511 1010 590 Morestelli
1034 511 1133 592 quood.

56 624 159 670 census
170 605 201 682 in
213 605 274 686 ipsa
287 604 377 667 littera
392 618 548 668 contentos.

102 722 186 784 ¹¹55·
206 709 285 778 Item,
304 701 390 782 quod.
407 701 483 782 publ.
503 702 714 764 instrumentum
739 704 871 784 scriptum
900 724 983 767 manu
1005 705 1136 768 iohannis

55 798 142 862 Vachi
157 798 257 860 notarii
277 797 354 878 publ.
370 793 422 859 suh
443 816 516 860 anno
543 799 596 862 nni
623 805 849 874 nttcct’txttttt
877 799 925 862 die
936 802 1063 863 mercum
1073 815 1137 882 post

56 895 173 957 octabas
188 894 280 956 saneti
288 894 441 971 Michaelis,
457 895 601 958 continens
615 894 838 978 recognitionem
853 911 881 961 st
897 900 1056 982 homagium
1076 902 1137 964 tac»

55 1007 114 1054 tutu
128 1003 156 1053 et
165 989 266 1053 laetam
281 1009 332 1073 per
347 990 419 1053 dhus
435 993 618 1055 humbertum
633 1007 661 1056 et
676 994 836 1056 hncelmum
849 995 962 1058 lollmdi
971 998 1074 1060 iratres
1085 998 1137 1061 dod

56 1089 135 1152 minu
143 1086 263 1152 hloolani
277 1104 306 1153 et
320 1091 471 1154 Morestelli
485 1092 513 1152 in
530 1091 689 1166 Viennesio,
705 1104 733 1154 et
747 1091 865 1173 plurium
874 1093 999 1156 'aliorum
1012 1095 1039 1157 in
1060 1095 1135 1158 dicto

56 1187 149 1250 insu*
163 1200 367 1250 comentorum.

102 1285 189 1366 1156.
211 1291 291 1364 Item,
311 1285 396 1367 quod.
420 1286 501 1375 publi
519 1286 730 1352 instrumentum
750 1291 882 1371 scriptum
903 1309 985 1352 manu
1012 1291 1135 1372 magistri

56 1382 119 1444 Joh.
136 1381 222 1444 Vachi
235 1382 287 1444 sub
298 1401 371 1444 anno
384 1382 438 1444 Diti
450 1389 679 1465 M0CC⁰LX01X⁰‚
698 1388 844 1450 continens
868 1388 1027 1470 homagium
1054 1406 1136 1471 pres-

56 1479 136 1540 titum
147 1497 198 1560 per
212 1479 384 1541 Bemardum
394 1478 431 1541 de
445 1487 560 1562 Mayreu
576 1482 689 1544 domino
706 1484 825 1546 meolani
841 1497 870 1547 et
885 1487 1036 1549 Morestelli
1048 1501 1075 1550 et
1087 1507 1136 1550 re-

57 1575 249 1658 cognitionem
263 1595 316 1656 per
328 1576 456 1638 eumdem
470 1578 571 1640 lactum
586 1579 622 1640 de
638 1578 689 1641 hiis
706 1598 760 1661 que
773 1580 888 1642 tenebat
901 1581 937 1643 ab
951 1601 995 1660 eo.

102 1688 188 1755 1157.
217 1679 296 1752 ltem,
317 1675 402 1755 qued.
429 1675 519 1738 littera
540 1676 568 1738 in
589 1676 721 1757 pendenti
746 1678 856 1740 duobus
889 1678 985 1760 sigillis
1006 1680 1133 1760 sigillata,
1234 1666 1237 1671 ἢ

56 1772 159 1853 scripta
176 1771 229 1834 sub
243 1791 316 1834 anno
343 1772 397 1834 nni
421 1764 671 1848 M0CC0LX⁰V110‚
695 1774 739 1836 die
763 1776 858 1838 martis
876 1790 940 1857 post
958 1776 1134 1840 Nativitatem

55 1870 137 1932 beate
153 1869 250 1944 Mane,
267 1869 412 1932 continens
439 1870 662 1951 recognicionem
686 1872 786 1935 laetam
818 1892 869 1954 per
894 1874 1067 1936 Guillredum
1099 1876 1135 1937 de

56 1966 258 2029 viriacodom⁰
272 1966 385 2028 Alberto
406 1966 519 2029 domino
534 1967 570 2029 de
585 1974 674 2030 Turre
688 1982 716 2031 et
734 1970 892 2051 homagium
918 1969 1012 2050 ligium
1044 1971 1134 2034 eidem
1213 2049 1216 2055 Ι
1333 1986 1337 1995 “

56 2062 202 2145 prestitum
215 2080 267 2144 per
279 2063 410 2125 eundem.

100 2161 185 2242 tt58.
199 2167 279 2238 Item,
295 2159 381 2242 quod.
402 2160 480 2242 publ.
503 2160 715 2227 instrumentum
743 2164 875 2246 scriptum
892 2185 976 2228 manu
1001 2167 1135 2233 Iohannis

56 2258 161 2335 vache,
177 2258 229 2320 sub
245 2276 319 2321 anno
336 2257 390 2320 nni
419 2262 644 2337 M⁰CC⁰Lx⁰lx⁰,
676 2260 761 2322 indic.
787 2278 838 2338 nu,
853 2262 898 2324 die
915 2263 1003 2325 sabati
1017 2264 1045 2324 in
1063 2265 1134 2329 festo

57 2362 158 2419 Sancte
172 2355 280 2433 Crucis,
294 2355 440 2419 continens
452 2356 610 2437 homagium
635 2356 729 2437 ligium
750 2358 893 2438 prestitum
907 2378 959 2439 per
978 2360 1133 2422 (luidonem
1179 2367 1183 2375 '

57 2452 188 2536 Lyatatdi
211 2467 240 2516 et
256 2453 407 2515 soffredum
426 2453 558 2536 Lyatardi
571 2453 651 2515 dom⁰
672 2456 805 2517 hncelmo
824 2454 936 2517 domino
965 2456 1085 2521 Meolani
1106 2468 1135 2519 et

57 2549 219 2615 ldorestelli
590 2548 593 2554 ’

99 2664 185 2729 1¹59·
202 2646 382 2730 Item,¹qued.
399 2645 495 2708 lietera
508 2646 536 2707 in
558 2646 690 2727 pendenti
713 2646 841 2728 sigillata,
860 2647 961 2728 scripta
977 2649 1035 2710 'suh
1060 2668 1134 2712 anno

57 2745 111 2806 Dr'ti
138 2743 370 2819 metcotxotxt,
396 2743 551 2806 continens>
566 2744 641 2824 quod
662 2744 868 2808 administrator
899 2745 1076 2808 baroniarum
1098 2747 1134 2810 de
1232 2826 1236 2831 ³

56 2849 148 2904 Tune
167 2840 248 2904 etde
271 2840 421 2903 coloniaco
444 2839 594 2903 mandabat
621 2841 702 2903 domo
716 2843 834 2924 hymoni
861 2843 896 2905 de
919 2843 1082 2906 Rossillione
1105 2857 1134 2907 et

56 2946 141 3001 Potiu
156 2937 278 3018 eius-filio
292 2951 322 3000 ut
337 2949 572 3018 recognoscerent
588 2937 757 3019 homagium,
769 2939 798 3000 in
814 2958 870 3021 quo
880 2940 1048 3002 tenebantur
1059 2939 1134 3003 dioto

55 3035 174 3098 domino
187 3035 223 3111 de
248 3041 349 3112 Turre,
381 3033 523 3096 ouiffredo
537 3032 594 3097 lilio
610 3035 733 3098 hneelmi
754 3035 867 3099 domino
897 3036 933 3099 de
956 3037 1086 3100 Meolano
1105 3050 1161 3100 et¹

57 3132 219 3196 Murostelli.
386 3206 392 3217 ⁸

100 3229 185 3292 troo.
204 3237 285 3306 Item,
303 3229 390 3310 quod.
415 3231 492 3312 publ.
521 3231 733 3294 instrumentum
752 3231 885 3312 scriptum
903 3248 994 3295 ‘manu
1010 3232 1060 3294 Dei
1075 3232 1134 3295 Filii

56 3327 129 3390 sacri
144 3327 252 3410 imperii
266 3328 377 3403 notarii,
394 3329 446 3391 sub
464 3348 538 3391 anno
556 3329 610 3391 uni
635 3334 883 3404 M⁰CC0LX011110,
910 3328 995 3390 indic.
1012 3341 1076 3405 νιν,
1101 3338 1139 3389 nt

53 3443 144 3485 nonas
160 3424 234 3499 maii,
251 3425 397 3488 continens
409 3427 484 3507 quod
497 3427 574 3489 dom.
583 3434 672 3508 hymo
686 3426 723 3488 de
734 3425 870 3488 Rossillon
883 3425 1008 3505 promisit
1024 3443 1076 3505 per
1089 3425 1134 3502 ju-

55 3535 210 3582 ramentum
225 3538 304 3583 ouum
320 3522 487 3584 acomodare
509 3536 538 3585 st
556 3522 668 3584 tradere
681 3522 814 3584 hnoslmo
825 3521 938 3584 domino
951 3522 987 3582 de
1005 3521 1133 3586 Meolano

54 3632 83 3680 et
93 3618 245 3681 Moresuelli
258 3618 372 3680 domum
386 3638 464 3681 suam
476 3620 516 3681 de
529 3619 689 3682 llorestello
702 3632 731 3681 ot
744 3619 856 3680 domum
871 3635 949 3680 suam
962 3618 997 3680 de
1012 3624 1133 3681 Nemore

54 3715 307 3797 quocimmsumqus
322 3715 558 3797 requisittmfuorit
570 3716 606 3778 ad
619 3715 776 3779 faciendum
791 3733 918 3797 guerram
929 3728 960 3776 et
970 3734 1065 3796 eaque
1081 3715 1132 3778 sihi

54 3812 211 3875 necessaria
221 3813 333 3877 fuerint.

98 3908 184 3972 undu.
218 3916 298 3986 ltean,
326 3911 411 3992 qued.
431 3912 524 3974 littera
548 3910 657 3973 duobus
683 3908 781 3991 sigillis
802 3909 831 3972 in
847 3909 978 3991 pendenti
1002 3910 1129 3992 sigillata,

55 4006 157 4088 scripta
184 4007 236 4070 sub
257 4009 402 4072 amolliri
429 4009 669 4091 M⁰GC⁰<L⁰)V11⁰,
694 4027 790 4070 mense
817 4007 960 4083 decenbri
987 4009 1132 4072 omitinstts

55 4103 280 4185 recognitionem
303 4107 406 4170 laetam
427 4105 545 4168 domino
571 4104 721 4168 Morestolli
738 4122 788 4185 per
819 4110 931 4167 Petrum
952 4107 1076 4187 mnardi
1104 4119 1131 4167 at
1232 4110 1235 4123 '
