2722 4770
670 388 826 465 ..38-

211 518 420 579 instrumentum
436 515 519 581 etiam
533 516 608 597 quod
623 516 713 579 dictus
730 518 858 580 dominus
870 519 905 580 de
921 513 1041 594 Tollino,
1057 537 1108 597 pro
1121 536 1150 579 se
1163 531 1190 579 et
1205 518 1285 579 here-

211 613 292 675 dibus
317 613 383 687 suis,
405 613 570 693 recognovit
586 627 614 675 et
641 616 747 695 recepit
759 616 787 677 in
807 614 919 677 leudum
943 613 1077 675 reddibile
1105 627 1226 675 castrum
1251 616 1286 678 de

176 699 188 707 ’
212 709 321 771 Tollino
346 708 497 789 predicta
525 709 599 770 dicto
614 710 689 772 dom.
706 711 832 772 iohanne
863 711 1004 790 dalphino,
1027 723 1127 789 exepto
1155 709 1218 770 loco
1240 712 1285 792 qui

211 807 311 868 dicitur
328 806 450 887 Cheypia
469 818 497 866 et
516 805 579 867 loco
601 807 647 887 qui
664 807 764 869 dicitur
785 816 891 870 Moreta
910 821 929 882 ¹,
948 821 976 868 et
988 807 1062 888 quod
1080 807 1156 867 dom.
1176 808 1287 888 dalphi-

211 923 264 965 nus
272 922 329 965 non
339 915 434 983 posset
443 921 473 963 se
490 921 613 964 cressere
629 904 657 965 in
672 905 818 967 dictoloco
833 905 900 966 etin
916 905 1109 966 mandamento
1134 922 1187 965 nec
1213 904 1288 965 reci-

212 1020 278 1081 pere
291 999 432 1080 gardarias
449 1019 498 1060 seu
509 1001 701 1062 comendarias
716 1002 775 1063 sine
789 1020 928 1063 concensu
946 1000 1048 1061 domini
1075 1001 1109 1062 de
1123 1000 1245 1075 Tollino,
1260 1014 1287 1062 et

213 1110 255 1158 est
279 1097 346 1158 dict.
365 1096 576 1158 instrumentum
598 1097 744 1177 sigillatum
767 1098 928 1178 impendenti
944 1097 1053 1159 duobus
1076 1097 1182 1176 sigillis,
1214 1096 1284 1158 silic.

213 1192 286 1254 dicte
298 1193 377 1255 dome
393 1192 532 1254 comitisse
542 1206 570 1254 et
585 1193 650 1255 dicti
665 1194 769 1255 domini
780 1195 817 1256 de
828 1194 947 1256 Tollino.

259 1309 322 1368 175·
341 1297 419 1364 Item,
447 1289 533 1369 quod.
554 1289 627 1351 aliud
642 1291 853 1352 instrumentum
881 1291 1013 1371 scriptum
1042 1309 1124 1350 manu
1154 1290 1287 1350 iohannis
1314 1308 1316 1310 ·

215 1387 313 1448 Polleti
326 1387 363 1448 de
378 1387 587 1450 Montebrisono
599 1389 699 1451 notarii
716 1389 793 1470 publ.
810 1389 862 1450 sub
875 1409 948 1450 anno
967 1388 1020 1448 Diri
1048 1393 1286 1462 M⁰CCC⁰XXVl⁰‚

215 1482 260 1545 die
270 1483 398 1545 mercurii
408 1498 472 1564 post
481 1485 596 1547 octabas
610 1487 703 1548 Pache
717 1506 771 1567 que
787 1486 912 1549 fuit'dies
923 1499 953 1546 11³
968 1485 1068 1546 mensis
1080 1483 1184 1564 aprilis,
1201 1484 1290 1545 conti-

213 1600 283 1642 nens
296 1581 435 1662 quandam
460 1582 629 1645 solucionem
643 1585 744 1645 laetam
761 1583 932 1663 procuratori
960 1583 1032 1644 dom¹
1048 1581 1155 1643 comitis
1183 1581 1288 1642 Foresii

216 1681 278 1739 lllm
295 1679 462 1740 florenorum
490 1678 518 1766 in
541 1681 782 1743 enthenuationem
801 1681 886 1743 debiti
907 1681 1011 1762 inquo
1037 1681 1113 1740 dom.
1142 1678 1289 1759 dalphinus

213 1774 360 1837 tenebatur
374 1774 450 1837 dicto
465 1776 542 1837 dom.
553 1777 658 1853 comiti,
672 1791 700 1838 et
713 1778 858 1840 continens
871 1778 952 1840 etiam
962 1775 1120 1856 homagium
1128 1774 1193 1836 dicti
1209 1775 1286 1835 dom.

214 1872 414 1951 procuratoris.

260 1969 324 2045 176.
342 1975 421 2045 ltem,
435 1970 521 2048 quod.
536 1970 572 2031 al.
591 1970 802 2031 instrumentum
816 1971 947 2051 scriptum
958 1989 1040 2030 manu
1055 1968 1192 2031 Guillelmi
1206 1979 1289 2032 Lum-

215 2065 294 2127 bardi
310 2065 381 2126 sacri
396 2066 488 2146 palatii
505 2067 616 2144 notarii,
632 2067 684 2128 sub
697 2086 769 2128 anno
786 2067 839 2127 Diti
855 2072 1056 2141 M⁰CC⁰LX11⁰,
1084 2065 1180 2126 indict.
1199 2084 1228 2138 v,
1244 2065 1289 2126 die

215 2161 325 2223 veneris
346 2161 462 2224 infesto
490 2163 571 2225 beate
595 2164 691 2229 ,Marie
719 2162 885 2237 decembris,
911 2163 1055 2224 continens
1074 2160 1245 2222 solucionem
1267 2165 1289 2219 C

215 2277 374 2320 marcarum.
395 2260 503 2340 argenti
528 2261 628 2323 laetam
656 2280 706 2342 per
737 2260 813 2322 dom.
842 2260 997 2341 Guigonem
1025 2257 1184 2338 dalphinum
1212 2256 1290 2317 dome

217 2356 365 2436 Margarite
379 2357 458 2417 uxori
471 2358 639 2439 marquionis
653 2357 859 2421 montisferrati.

260 2471 324 2530 ¹77·
361 2459 440 2528 ltem,
466 2454 553 2535 quod.
577 2455 613 2517 al.
641 2456 853 2518 instrumentum
872 2454 1003 2534 scriptum
1029 2472 1112 2514 manu
1131 2453 1288 2534 Reymundi

216 2551 320 2612 Esmini
332 2551 367 2613 de
384 2550 486 2632 Upasio
500 2553 600 2615 notarii
611 2554 701 2634 publ,
724 2554 776 2616 sub
790 2573 863 2615 anno
883 2553 936 2614 Diri
954 2558 1222 2626 M⁰CCC⁰XXVlll⁰,
1241 2552 1286 2613 die

215 2669 272 2731 xnu
294 2650 396 2711 mensis
418 2650 560 2724 febroarii,
586 2671 614 2711 xi
640 2651 750 2732 indict,
778 2650 923 2712 continens
950 2650 1025 2729 quod
1055 2648 1235 2735 Thomassius
1263 2663 1291 2710 et

216 2745 331 2807 Gentilis
345 2746 380 2808 de
395 2746 539 2808 Florencia
561 2749 680 2816 confessi
702 2750 813 2811 luerunt
837 2747 872 2809 ad
883 2747 1040 2809 instantiam
1056 2746 1128 2807 domi
1148 2746 1291 2826 Hen(rici)

217 2843 345 2922 Dalphini
359 2844 489 2906 habuisse
502 2859 530 2907 et
543 2846 680 2927 recepisse
706 2846 878 2926 octingentas
893 2844 977 2906 libras
1002 2843 1152 2918 Viennen,
1170 2863 1292 2922 compu-

216 2951 274 2999 tato
289 2945 402 3002 Turono
417 2961 468 3021 pro
483 2961 501 3002 ιι
516 2942 597 3004 solid.
616 2961 666 3003 vru
679 2942 789 3017 denar„
800 2943 829 3003 in
842 2941 941 3022 quibus
955 2959 989 3000 ex
1002 2958 1086 3001 causa
1098 2939 1185 3000 mutui
1200 2941 1292 3002 dictus

215 3032 290 3096 dom.
310 3038 446 3100 Henricus
462 3039 543 3102 dictis
556 3040 686 3102 fratribus
696 3040 853 3102 tenebatur.

260 3133 324 3212 178.
341 3141 420 3197 Item.
441 3137 525 3217 qued.
556 3137 635 3200 litera
659 3137 803 3199 continens
819 3134 1008 3198 attestationes
1024 3132 1207 3212 quorumdam
1230 3148 1292 3195 tes-

213 3230 281 3292 tium
306 3231 508 3314 deponentium
534 3237 620 3317 quod,
647 3233 777 3317 quicquid
802 3229 905 3295 domini
928 3231 962 3291 de
992 3228 1114 3310 Royanis
1136 3242 1234 3292 tenent
1263 3233 1291 3292 in

217 3331 340 3415 Royanis
353 3332 412 3394 sive
429 3334 457 3394 in
475 3334 624 3408 montanis,
636 3346 758 3396 tenenta
774 3331 874 3393 comite
889 3325 1048 3401 Viennensi,
1065 3338 1093 3386 et
1107 3340 1149 3387 est
1170 3327 1292 3407 sigillata

186 3454 189 3459 ·
214 3429 303 3492 tribus
319 3430 414 3511 sigillis
428 3430 456 3492 in
473 3430 615 3511 pendenti.

259 3546 324 3603 179.
338 3534 417 3605 Item,
432 3529 517 3610 qued.
533 3528 613 3589 litera
625 3527 742 3608 sigillata
758 3544 814 3599 uno
831 3521 931 3603 sigillo,
943 3519 995 3581 sub
1009 3538 1083 3581 anno
1099 3522 1215 3583 Nativit.
1236 3525 1291 3585 Dr'ii

216 3629 446 3701 M0CCC⁰XV11⁰,
474 3625 619 3686 continens
643 3623 780 3705 quandam
807 3617 1002 3701 quietationem
1030 3617 1290 3696 quatringentorum

214 3721 312 3782 floren.
329 3722 387 3783 auri
412 3723 512 3784 factam
536 3741 587 3802 per
609 3723 761 3783 lohannem
788 3730 816 3779 et
835 3712 1058 3776 Bartholomeum
1083 3714 1118 3774 de
1146 3715 1245 3776 Bardis
1263 3731 1291 3776 et

215 3839 310 3882 eorum
320 3821 411 3883 socios
427 3820 600 3883 Lumbardos
617 3820 696 3881 dom⁰
706 3813 822 3880 lohanni
839 3811 969 3892 dalphino
986 3811 1145 3872 Viennensi.

259 3919 322 3979 180.
343 3926 421 3980 ltem.
451 3919 555 3999 quand.
572 3918 689 3981 litteram
715 3914 803 3996 sigillo
817 3910 890 3974 domi
910 3909 1043 3990 Guigonis
1071 3910 1192 3990 dalphini
1216 3912 1292 3991 sigil-

254 4140 276 4180 1.
291 4122 329 4175 En
343 4140 375 4176 m.
391 4124 412 4175 A
427 4122 495 4177 Nota
506 4121 537 4176 de
552 4123 672 4176 Moresu.
