2722 4770
144 503 281 566 lacelmus
294 502 330 564 de
344 502 598 564 Groleacordessus
613 502 664 563 hrit
684 520 714 563 se
725 513 821 562 tenere
839 513 961 563 castrum
977 499 1014 561 de
1028 499 1131 562 Grolea
1156 519 1212 562 cun

144 601 340 664 mandamento
356 612 384 662 et
395 598 533 662 territorio
551 598 674 679 ejusdem
687 599 716 660 in
729 597 842 659 feudum
864 596 1020 673 franchum,
1047 596 1166 659 liberum
1191 611 1214 661 et

143 698 297 779 antiquum,
321 695 455 759 reddibile
469 709 498 758 et
515 715 566 776 pro
581 695 642 776 ipso
658 707 748 757 castro
771 707 881 756 tenetur
896 693 988 756 iacere
1013 713 1145 775 guerram
1168 715 1213 776 prs

143 796 221 858 dom⁰
236 794 378 876 dalphino,
394 808 424 856 et
435 793 592 874 homagium
607 793 751 874 prestitum
775 811 825 872 per
842 792 932 873 ipsum
960 791 1037 854 dom.
1068 793 1213 854 Jacelun

143 895 219 958 dicto
232 894 308 956 dom.
325 893 466 974 dalphino.
1246 975 1248 978 ι

188 1010 272 1073 ¹⁰9⁰·
288 997 367 1064 Item,
381 989 468 1071 quod.
487 989 700 1050 instrumentum
718 988 761 1068 (ut
774 988 859 1068 997),
875 986 1022 1049 continens
1042 988 1121 1068 quod
1142 988 1211 1049 dom.

144 1087 360 1171 Raynaudusde
382 1086 458 1169 Syllu
476 1085 565 1160 miles,
582 1084 711 1147 dominus
734 1082 799 1146 dicti
822 1083 886 1159 loci,
917 1082 1037 1165 prestitit
1060 1084 1213 1166 homagium

141 1186 235 1267 ligium
250 1185 286 1246 de
298 1195 428 1265 persona·
444 1182 528 1244 salvis
542 1180 602 1242 aliis
617 1179 674 1243 suis
687 1180 808 1242 dominis
819 1199 890 1261 quos
904 1199 978 1242 nunc
993 1179 1128 1258 habebat,
1143 1181 1212 1243 don⁰

144 1282 327 1364 ll(umberto)
339 1280 469 1361 delphino
480 1277 639 1342 Viennensi.

186 1397 270 1457 1⁰9¹·
289 1385 367 1452 hem,
383 1377 420 1439 al.
434 1376 511 1458 publ.
528 1377 739 1438 instrumentum
753 1374 886 1455 scriptum
897 1391 979 1435 manu
988 1372 1096 1436 hlberti
1109 1374 1213 1437 Sachini

142 1476 253 1550 notarii,
271 1474 405 1538 subanno
423 1480 532 1536 lncarn.
550 1473 605 1535 Dr'ri
622 1475 862 1548 Melllcxxxw,
877 1461 923 1534 die
936 1483 998 1534 xnta
1023 1472 1128 1535 mensis
1138 1471 1210 1559 junii,

142 1574 287 1638 sentinetur
309 1573 385 1655 quod
414 1571 522 1634 nobiles
546 1570 711 1651 infrascripti
734 1570 860 1633 lecerunt
887 1568 1015 1649 homagia
1039 1568 1106 1649 ligia
1138 1569 1212 1631 dom⁰

143 1668 443 1750 Humbertodalphino
457 1667 617 1743 Viennensi,
633 1665 717 1729 videl.
741 1666 888 1748 Aynardus
912 1665 950 1727 de
964 1663 1100 1741 Fabricis,
1118 1672 1213 1729 Petrus

141 1771 179 1833 de
191 1777 278 1846 Lacu,
293 1769 483 1833 Guillelmetus
495 1767 619 1850 Revoyri
633 1765 669 1828 de
684 1773 769 1842 Suec;
781 1766 950 1828 llumbertus
969 1765 1116 1847 Rovoyrr'i,
1140 1766 1213 1827 Tho·

140 1885 200 1928 mas
224 1866 346 1948 Rovoyri
370 1866 406 1927 de
437 1872 519 1940 Suec,
547 1865 700 1927 Guionetus
714 1862 749 1924 de
763 1863 884 1938 viriaco,
907 1869 1073 1944 hymaretus
1090 1862 1212 1937 Burdeti,

142 1961 304 2024 Guilelmus
322 1975 351 2024 et
369 1961 506 2025 oliverius
521 1961 557 2022 de
574 1960 776 2037 Torchilellom·
790 1966 944 2022 Peronetus
962 1958 1097 2033 Guenisii,
1118 1967 1212 2041 Hugn

140 2073 221 2122 uetus
236 2058 347 2133 Tivnlli,
363 2059 509 2141 hynardus
523 2057 663 2139 Veyherii‚
676 2056 866 2119 Guillelmetus
881 2056 917 2118 de
929 2056 1064 2133 Fabricis,
1079 2063 1213 2120 Dronetus

144 2155 278 2237 Rovoyrii
298 2154 334 2217 de
351 2155 531 2228 Chausillino,
552 2154 707 2217 Guionetus
729 2156 852 2238 Rovoyri
864 2156 905 2218 de
918 2156 1050 2238 Saysseu
1075 2156 1213 2242 soffredus

142 2251 265 2333 Rovoyri
282 2251 318 2313 de
332 2251 430 2313 Boinio
444 2265 473 2314 et
489 2258 628 2314 Dronetus
646 2251 769 2334 llovoyri
783 2251 819 2314 de
832 2252 989 2334 Busleyrin.

185 2366 270 2430 1092.
287 2355 366 2425 Item,
380 2349 467 2431 quod.
482 2350 518 2412 al.
537 2349 748 2412 instrumentum
761 2349 804 2429 (ut
824 2350 922 2430 1074),
941 2349 986 2413 die
1003 2350 1099 2413 ultima
1114 2352 1210 2414 mensis

140 2446 247 2522 marcii,
263 2446 409 2509 continens
437 2446 594 2528 homagium
616 2444 710 2527 ligium
738 2445 881 2526 prestitum
902 2445 981 2507 domo
1007 2447 1141 2528 dalphino
1166 2467 1210 2530 per

139 2544 299 2626 hynndum
310 2544 345 2607 de
356 2551 455 2620 Turre,
472 2543 613 2607 dominum
629 2542 693 2625 (de)
704 2543 804 2625 Vinay,
821 2543 857 2605 de
870 2557 949 2624 parte
975 2564 1058 2625 quam
1087 2546 1173 2609 habet
1186 2546 1210 2607 in

140 2655 232 2705 castro
242 2656 271 2705 et
279 2642 475 2704 mandamento
489 2640 584 2704 Turris
606 2639 692 2721 spiri,
716 2640 861 2702 continens
880 2640 967 2703 eciam
989 2643 1209 2723 recognicionen

140 2738 240 2801 eidem.
258 2739 334 2802 dom.
347 2739 588 2820 dalphinofactam
606 2739 640 2800 de
654 2750 747 2801 castro
763 2737 897 2819 Vignayci
907 2737 1053 2800 reddibile.

183 2853 266 2916 ¹093·
281 2844 361 2911 Item,
376 2837 462 2918 quod.
477 2837 596 2898 vidimus
609 2835 752 2915 cujusdam
761 2835 851 2897 littere
865 2835 1011 2916 sigillatum
1026 2835 1054 2897 in
1067 2835 1208 2917 pendenti,

139 2932 271 3012 seriptum
284 2933 337 2995 sub
356 2952 429 2995 anno
444 2934 498 2995 Dr'ri
515 2936 730 3010 ld⁰ll⁶XXllll⁰,
744 2934 889 2996 continens
907 2934 982 3015 quod
1000 2942 1102 2997 Petrus
1123 2934 1210 2997 domi-

138 3047 191 3091 nus
214 3029 250 3091 de
273 3029 386 3092 Cuuello
409 3043 452 3092 est
473 3030 556 3093 homo
572 3030 653 3109 ligius
672 3029 746 3092 dom¹
771 3029 935 3112 G(uigonis)
959 3030 994 3092 de
1017 3030 1137 3110 Vienna,
1163 3052 1210 3095 en-

138 3138 219 3207 ccpta
234 3124 369 3190 fidelitate
381 3125 485 3188 domini
497 3127 532 3189 de
545 3127 695 3203 comersis,
711 3141 739 3190 et
752 3127 828 3209 quod
842 3140 920 3190 tenet
945 3127 981 3190 ab
1007 3147 1042 3190 eo
1063 3149 1210 3192 casamen-

138 3236 196 3289 tum
210 3236 239 3287 et
251 3224 370 3305 burgum
385 3223 498 3300 euelli,
523 3237 640 3305 excepto
666 3223 820 3287 ciminterio
844 3238 873 3287 et
890 3238 1007 3306 excepto
1027 3212 1121 3307 burgo
1138 3245 1209 3290 noro

138 3321 213 3402 quod
229 3334 305 3385 tenet
314 3321 350 3383 ab
360 3321 538 3402 imperatore.
789 3312 795 3324 ’

182 3436 266 3501 1094.
298 3426 378 3496 ltem,
404 3420 441 3482 al.
466 3420 676 3482 instrumentum
700 3431 843 3500 receptum
859 3437 942 3482 manu
959 3419 1059 3482 Humb¹
1082 3421 1164 3484 Pilati
1178 3421 1209 3483 de

139 3517 327 3580 Burrerianoto
344 3517 396 3598 suh
410 3535 484 3580 anno
507 3515 871 3593 uhirl01110xxxv11,die
891 3530 980 3577 rnrvua
1001 3516 1104 3580 mensis
1113 3517 1209 3596 janua-

137 3612 183 3690 rii,
192 3614 337 3679 continens
346 3613 421 3696 quod
437 3612 538 3676 nobilis
552 3613 594 3677 vir
612 3613 688 3676 dom.
706 3613 844 3676 lohannes
865 3613 994 3676 dominus
1022 3613 1057 3676 dc
1086 3614 1211 3678 Chandel

137 3707 365 3797 aulesconlessus
379 3709 430 3774 luit
439 3729 470 3773 se
482 3723 579 3774 tenere
587 3709 623 3772 de
631 3708 716 3772 feudo
730 3709 803 3770 dom'
825 3707 969 3771 llumberti
987 3708 1111 3790 dalphini
1125 3712 1208 3774 vien·

103 3814 106 3820 ’
137 3803 230 3866 nensis
243 3806 419 3870 medietatem
433 3808 535 3890 poypie
557 3827 606 3870 seu
626 3806 708 3871 castri
726 3806 759 3873 in
777 3805 851 3871 dicta
867 3806 973 3888 poppia
996 3809 1152 3872 constructi
1176 3810 1207 3872 de

137 3907 283 3982 lheysseu,¹
296 3904 376 3984 qnod
385 3916 428 3969 est
442 3891 575 3969 deversus
587 3910 692 3981 Genus,
717 3916 746 3968 et
758 3916 883 3985 quartam
897 3916 1003 3983 partem
1019 3903 1111 3967 tocius
1129 3923 1207 3968 man-

136 3998 257 4060 damenti
273 4012 301 4062 et
321 4001 451 4064 territorii
475 4002 511 4065 de
538 4009 667 4084 Maysseu
681 4014 711 4063 et
728 4000 763 4066 cle
790 4007 935 4082 Burnum,
960 4014 988 4066 et
1000 4021 1055 4082 pro.
1074 4002 1204 4083 predictis

136 4095 227 4163 eidem
233 4094 347 4161 domino
360 4098 425 4165 lecit
438 4097 596 4179 homagium
605 4097 712 4178 ligium.
738 4126 741 4132 ·
