2716 4784
561 432 627 475 .··
652 416 706 477 ¹34
727 431 764 449 ··

137 527 211 609 quod
229 528 328 591 dieitur
356 529 380 591 le
405 547 465 590 mas
485 528 520 590 de
547 528 573 590 le
596 533 729 600 cornuta,
745 529 826 591 situm
843 528 871 590 in
887 527 1030 591 territorio
1053 528 1203 610 Vorapii,et

137 625 267 707 quicquid
283 625 357 686 idem
372 624 530 687 Guiflredus
545 624 707 705 possidebat
718 626 746 687 in
759 624 898 688 territorio
915 624 1032 705 Vorapii
1051 637 1073 686 ¹.

177 724 247 798 767.
263 727 342 794 Item,
357 721 442 802 qued.
461 721 551 783 littere
567 721 683 802 sigillate
697 721 725 783 in
739 721 870 801 pendenti
884 719 996 782 duobus
1012 720 1123 801 sigillis,
1133 721 1202 784 videl

138 818 227 899 sigillo
243 818 315 879 dom¹
329 818 463 898 Guigonis
479 818 600 898 dalphini
614 833 642 881 et
657 819 791 899 Guigonis
814 819 848 881 de
871 818 1028 899 Rupecula‚
1046 819 1150 899 scripte
1163 818 1201 881 sub

138 933 211 976 anno
235 915 287 975 uni
308 920 524 989 nl⁰cc⁰xelx0,
542 914 687 976 continens
706 914 782 995 quod
798 915 874 976 dom.
893 914 986 995 Guigo
1010 913 1049 976 de
1078 914 1204 995 Rupeeult

138 1011 358 1091 recognoscebat
374 1030 404 1072 se
416 1024 512 1073 tenere
522 1011 549 1071 in
564 1011 676 1072 feudum
691 1032 708 1073 a
731 1012 806 1073 dieto
831 1011 907 1073 dom.
932 1010 1072 1092 dalphino
1090 1011 1203 1093 quiequid

139 1107 269 1181 habebar,
281 1107 443 1187 possidebat
455 1107 500 1169 vel
514 1107 583 1169 alius
599 1127 650 1188 pro
666 1127 700 1169 eo
715 1108 788 1189 apud
801 1107 968 1169 Alavardum
984 1120 1013 1169 et
1029 1106 1059 1168 in
1074 1120 1134 1170 tota
1148 1107 1204 1169 valle

138 1205 278 1281 Alavardi,
295 1218 323 1266 et
333 1218 393 1266 erat
406 1219 498 1267 actum
515 1204 590 1286 quod
605 1205 627 1267 si
641 1205 746 1269 laceret
761 1205 874 1267 domurn
887 1203 1034 1267 lortemiu
1052 1204 1129 1267 dicta
1149 1203 1205 1266 valle

138 1299 213 1379 quod
227 1312 369 1362 teneretur
383 1300 525 1362 reddibilis
540 1300 575 1362 ab
590 1300 700 1362 eodem.

179 1395 249 1472 768.
267 1402 346 1470 Item,
363 1395 449 1476 quod.
466 1397 543 1477 publ.
566 1396 777 1460 instrumentum
792 1396 948 1459 conlectum
963 1416 1052 1459 manu
1069 1397 1145 1460 Petri
1156 1396 1204 1458 vil-

139 1492 212 1553 lelmi
228 1491 299 1552 sacri
312 1491 404 1571 palatii
416 1491 557 1574 (notarii),
576 1494 628 1555 sub
645 1513 719 1556 anno
735 1495 789 1555 Diri
806 1496 1023 1571 m011⁶xullll⁰,
1035 1509 1093 1557 κιιο
1107 1494 1204 1558 kalend.

138 1588 216 1669 junii,
235 1587 379 1650 continens
392 1588 466 1669 quod
484 1597 567 1671 Hugo
582 1589 655 1653 filius
669 1591 801 1653 euiffredi
817 1591 931 1672 Magnin
962 1591 1078 1672 aceepit
1103 1612 1120 1654 a
1144 1592 1205 1653 don⁰

140 1686 239 1748 odone
253 1685 398 1747 Alamandi
418 1687 531 1767 quiquid
548 1687 661 1750 habeta
680 1688 844 1751 l’estontour
860 1688 895 1750 de
913 1689 1039 1750 Brenino
1072 1709 1157 1771 usque
1176 1687 1205 1749 ad

142 1791 264 1844 Montem
275 1783 421 1859 Bonodupr
432 1797 460 1845 et
470 1804 485 1844 a
496 1797 581 1846 strata
596 1784 705 1864 publiea
715 1785 838 1860 inferius,
849 1784 924 1846 unde
935 1784 1004 1847 lecit
1018 1784 1206 1867 homagiumad

141 1880 217 1942 salva
230 1879 362 1942 fidelitate
377 1880 450 1942 dom¹
471 1880 593 1961 dalphini
608 1893 631 1941 ².

180 1976 250 2058 769.
268 1984 348 2051 ltem,
361 1977 444 2058 qued.
461 1977 556 2039 lietera
573 1978 690 2058 sigillata
702 1977 731 2040 in
745 1977 876 2059 pendenti
889 1976 979 2040 tribus
993 1977 1103 2059 sigillis,
1120 1976 1207 2057 scripta

141 2072 193 2134 sub
204 2091 277 2133 anno
296 2073 350 2133 Dr'ri
370 2076 553 2149 ll⁰ll⁰LVll⁰,
568 2074 664 2136 indict.
676 2093 724 2150 xv,
739 2075 783 2136 die
798 2075 906 2137 veneris
923 2088 988 2137 ante
1002 2075 1205 2148 penthecosten,

141 2168 286 2230 continens
314 2170 543 2250 compromissum
558 2170 661 2233 factum
679 2171 708 2232 in
722 2171 798 2233 dom.
820 2171 976 2252 Guigonem
1008 2172 1133 2252 dalphini
1147 2172 1206 2234 inter

143 2265 331 2327 Fromundum
347 2266 382 2327 de
406 2267 531 2348 Morgiis,
558 2267 643 2329 lilium
657 2269 776 2332 condam
794 2268 868 2329 dom¹
886 2268 962 2330 Petri
979 2268 1016 2330 de
1032 2270 1156 2350 llorgiis,
1180 2288 1207 2331 er

142 2383 196 2424 una
226 2376 304 2444 parte
330 2377 358 2425 et
380 2364 574 2446 Raymundum
595 2365 756 2446 Berengarii
781 2384 816 2426 ex
835 2364 938 2440 altera,
969 2378 999 2427 et
1027 2385 1087 2428 non
1120 2380 1159 2428 est
1176 2365 1206 2427 ibi

141 2461 334 2541 pronuntiaeio
348 2480 431 2541 super
444 2462 561 2523 diversis
577 2462 768 2543 questionibus
781 2462 953 2525 vertentibus
967 2462 1041 2525 inter
1057 2464 1144 2545 ipsos.

181 2578 250 2637 770.
268 2566 347 2634 ltem,
363 2560 447 2640 qued.
460 2559 512 2620 alia
527 2579 627 2639 magna
644 2560 739 2621 lietera
752 2559 869 2640 sigillata
886 2560 975 2640 sigillo
993 2561 1069 2623 dom¹
1087 2561 1206 2642 Guigonis

141 2656 262 2737 dalphini
274 2657 301 2718 in
313 2657 456 2737 pendenti,
476 2656 577 2736 scripta
594 2655 645 2718 sub
660 2676 733 2718 anno
754 2657 807 2717 Diri
836 2663 1053 2732 M⁰CC⁰LV111⁰,
1070 2658 1164 2720 indict.
1180 2669 1205 2732 1³,

142 2750 187 2812 die
207 2767 280 2813 x11u³
292 2753 405 2814 kalend.
437 2753 542 2828 marcii,
577 2754 722 2815 continens
743 2772 904 2833 processum
921 2767 949 2816 et
965 2757 1207 2833 pronuntiationem

142 2848 242 2908 laetam
257 2867 307 2927 per
331 2849 434 2909 dietum
466 2850 542 2911 dom.
566 2850 722 2930 Guigonem
744 2850 903 2930 dalphinum
930 2869 1015 2930 super
1030 2850 1208 2932 questionibus

91 2948 94 2955 “
143 2942 394 3005 vertentibusinter
406 2945 495 3006 dictos
506 2945 694 3007 Fromundum
702 2945 738 3007 de
748 2946 862 3026 Morgiis
872 2960 899 3008 et
910 2948 1108 3029 Raymundum
1120 2955 1209 3010 Beren-

143 3039 224 3120 gatii,
253 3039 288 3101 de
311 3040 411 3120 quibus
427 3041 457 3104 lit
473 3042 577 3105 mentio
599 3042 627 3104 in
651 3043 745 3104 lietera
764 3043 956 3123 compromissi
980 3063 1067 3126 supra
1098 3044 1208 3127 proxime

142 3149 298 3216 registrata.

182 3253 252 3312 77¹·
265 3241 344 3311 ltem,
361 3235 447 3315 quod.
460 3235 672 3297 instrumentum
686 3235 843 3298 conlectum
858 3255 942 3297 manu
959 3242 1035 3316 Hug.
1055 3232 1206 3299 Chabueilli

16 3325 21 3332 ’
141 3331 241 3394 notarii
258 3331 335 3412 publ.
359 3332 410 3394 sub
433 3351 507 3394 anno
521 3339 631 3394 lucam.
661 3332 995 3408 Dnieem⁰11⁰xcvll1⁰,
1018 3333 1106 3396 indie.
1122 3347 1206 3408 nique

81 3491 83 3496 .
141 3430 254 3492 kalend.
264 3428 396 3504 octobris,
411 3431 556 3492 continens
570 3429 645 3510 quod
660 3436 760 3492 Petrus
771 3430 907 3505 Felicerii,
922 3428 1063 3492 habitator
1073 3427 1206 3510 parrochie

141 3527 177 3588 de
191 3528 318 3609 Aybeno,
343 3528 486 3590 confessus
510 3528 562 3590 luit
587 3547 618 3590 se
632 3542 727 3591 tenere
758 3528 786 3589 in
810 3528 923 3590 feudum
949 3527 1064 3589 adom⁰
1090 3526 1206 3609 dalphino

141 3625 289 3687 Viennensi
304 3626 416 3687 domum
434 3646 512 3687 suam
527 3639 555 3688 et
569 3625 647 3707 plura
660 3625 711 3687 alia
726 3638 857 3687 contenta
870 3625 985 3686 indicto
999 3625 1094 3687 instr¹⁰
1116 3639 1137 3686 ³.

183 3740 252 3798 772.
268 3730 347 3798 ltem,
363 3722 419 3784 duo
429 3722 507 3803 publ.
523 3723 704 3785 instrumenta
715 3722 743 3783 in
750 3741 804 3782 una
814 3722 885 3802 pelle
902 3721 1006 3802 scripta
1013 3728 1102 3784 manu
1116 3721 1205 3784 loban-

143 3816 186 3877 nis
196 3817 230 3878 de
238 3817 479 3881 Valamanderies.
492 3819 584 3900 palatii
595 3819 693 3881 notarii
706 3818 796 3900 publ,
807 3818 858 3880 sub
871 3836 944 3880 anno
955 3818 1201 3887 DiriM⁰CC⁰Lllll⁰,

183 4058 204 4098 r.
221 4042 260 4122 Eo
274 4061 306 4099 m.
322 4044 422 4102 Sciatur
435 4047 477 4120 qui
492 4046 550 4102 illud
565 4045 684 4120 possidet.
701 4076 734 4087 -
751 4061 775 4101 2.
792 4046 830 4100 En
844 4064 876 4102 m.
893 4045 994 4103 sciatur
1012 4045 1055 4119 qui
1070 4045 1101 4102 de
1114 4037 1199 4120 presenti

144 4122 210 4170 tenet
223 4113 282 4170 illc.
298 4146 331 4157 -
349 4134 373 4188 3.
388 4117 426 4172 En
441 4136 473 4174 m.
490 4120 532 4174 Sc.
549 4135 575 4190 q.
592 4127 611 4172 t
627 4116 659 4172 de
673 4134 712 4188 pr.
728 4115 813 4182 illud„
