2716 4784
112 543 195 621 ¹⁶89·
210 549 288 618 ltem,
301 543 387 622 quod.
399 544 517 605 vidimus
531 544 649 624 plurium
663 544 814 605 litterarum
825 545 1027 606 continencium
1039 563 1137 625 pacem

60 652 94 701 et
110 638 313 700 convenciones
326 639 426 701 factam
443 653 471 701 et
484 641 571 701 iactas
586 640 658 702 inter
671 640 777 702 nobiles
792 655 820 703 et
834 654 960 721 potentes
972 641 1048 703 viros
1060 641 1136 703 dom.

61 736 194 799 comitem
210 736 403 797 cebennarum
416 736 526 798 etdom.
538 743 690 819 aymonem
702 738 843 799 dominum
858 738 1027 819 Fucigniaci,
1038 756 1136 819 pacem

60 830 167 892 factam
185 832 256 893 inter
281 831 348 894 dict.
372 833 400 894 d.
420 834 549 896 comitem
579 847 608 895 et
633 833 708 895 dom.
739 839 772 896 Β.
799 834 975 915 dalphinam;
994 834 1152 897 continens·

10 947 13 981 τ
61 929 154 991 eciam
169 929 260 1009 plures
281 930 318 991 al.
340 930 444 991 litteras
466 950 549 1011 super
567 929 754 992 contractibus
773 929 840 992 dict.
857 930 988 1008 dilorum,
1005 931 1137 1011 scriptum

10 1044 14 1083 l

60 1025 94 1087 in
108 1039 226 1106 quatuor
238 1026 355 1107 pellibus
370 1046 452 1088 manu
471 1026 546 1089 Petri
563 1026 599 1088 de
619 1031 757 1108 sersonay
778 1025 877 1088 notarii
897 1027 974 1108 publ.
995 1026 1139 1108 sigilloque

10 1141 14 1181 τ
60 1122 141 1184 dom¹
150 1122 257 1185 comitis
268 1124 376 1185 Geben.
393 1124 540 1204 signatum.
1105 1207 1107 1210 Ι

10 1244 13 1277 a
110 1218 193 1300 1690.
213 1226 291 1294 Item,
307 1220 390 1300 qued.
408 1221 497 1282 littera
513 1218 716 1283 aserenissimo
729 1239 796 1301 rege
819 1227 987 1296 Francorum
1009 1220 1140 1303 Philippo

61 1329 193 1378 emanata
204 1316 317 1398 ejusque
334 1317 423 1398 sigillo
438 1316 466 1377 in
487 1315 617 1395 pendenti
638 1316 766 1397 sigillata,
785 1316 849 1378 data
871 1316 992 1379 Parisius
1008 1316 1053 1379 die
1067 1327 1139 1380 xvn²

59 1411 195 1474 februarii
211 1414 350 1474 annuntii
369 1419 581 1487 M⁰ccc⁰lllll⁰,
609 1411 754 1474 continens
765 1413 840 1493 quod
855 1414 977 1494 prelatus
997 1414 1074 1477 dom.
1090 1435 1140 1479 rex

64 1519 169 1573 Franc.
187 1530 236 1591 per
258 1511 332 1592 ipsas
360 1511 412 1573 litt.
430 1510 579 1573 mandabat
593 1509 670 1572 dom‘
695 1509 841 1571 Guillelmo
853 1510 947 1572 comiti
959 1511 1137 1575 Gebennensi

26 1656 34 1663 .
62 1622 202 1690 quatenus
217 1609 296 1670 domo
313 1609 443 1688 dalphino
459 1608 515 1670 filio
540 1627 591 1670 suo
607 1607 764 1686 homagium
781 1626 830 1667 seu
859 1607 986 1694 homagia
998 1607 1027 1669 in
1040 1609 1140 1688 quibus

63 1705 120 1768 sibi
143 1705 288 1768 tenebatur
313 1706 425 1767 racione
456 1716 610 1767 castrorum
635 1702 820 1777 clarimontis,
848 1704 1018 1787 Anayssiaci‚
1051 1705 1140 1768 castri

61 1803 190 1865 Gallardi
204 1815 233 1864 et
244 1803 279 1864 de
295 1811 392 1883 Ruppe
408 1804 436 1865 in
450 1802 635 1877 Gebennesio,
653 1801 681 1862 in
700 1800 800 1882 quibus
812 1801 902 1862 eidem
914 1800 1060 1863 tenebatur
1073 1812 1140 1863 tan-

61 1921 150 1983 quam
165 1900 256 1963 comiti
271 1901 440 1982 Burgundie,
461 1901 496 1962 de
511 1901 652 1962 voluntate
674 1913 701 1961 et
722 1917 839 1960 ascensu
858 1898 936 1960 dom⁸
952 1899 1076 1960 lohanne
1090 1917 1138 1961 re-

62 1997 132 2080 gine
150 1997 264 2058 Francie
285 2011 313 2060 et
333 1998 492 2079 Burgundie
514 1996 664 2072 comitisse,
689 1995 718 2057 in
740 1995 869 2057 dilectum
886 1995 962 2058 dom.
984 1996 1138 2078 Guigonem

64 2094 226 2175 dalphinum
238 2094 425 2170 transtulerat,
440 2113 493 2174 que
521 2093 611 2156 eidem
636 2104 850 2172 recognosceret
866 2105 948 2177 prout
962 2091 990 2154 in
1007 2091 1067 2174 ipsa
1080 2091 1137 2156 lict.

64 2190 237 2253 continetur.

112 2288 197 2365 1691.
213 2294 291 2362 ltem,
308 2287 393 2366 quod.
411 2286 487 2366 publ.
502 2286 712 2349 instrumentum
725 2285 856 2367 scriptum
880 2303 962 2346 manu
978 2283 1053 2346 Petri
1072 2283 1141 2345 Pel·

64 2383 147 2445 lerini
169 2384 203 2445 de
219 2384 345 2467 Qririaco
361 2384 458 2445 notarii
472 2383 549 2465 publ.
571 2383 622 2444 sub
635 2402 707 2444 anno
720 2383 773 2443 Diri
785 2388 995 2464 M⁰ccc⁰XVl⁰,
1008 2379 1051 2442 sil.
1066 2391 1140 2441 ιιιιιιΙ

63 2481 166 2554 indic,
178 2480 223 2542 die
236 2493 295 2541 ιοιιἃ
309 2481 410 2542 mensis
425 2481 502 2560 junii,
524 2480 668 2542 continens
692 2491 773 2559 pacta
788 2493 816 2541 et
834 2477 1037 2541 conventiones
1054 2477 1140 2539 factas

61 2577 140 2639 inter
151 2577 211 2638 illom
224 2577 374 2658 principem
390 2577 465 2639 dom.
480 2579 632 2639 lohannem
647 2576 805 2655 dalphinum
824 2575 1007 2637 Viennensem
1023 2593 1058 2636 ex
1082 2592 1139 2636 una

62 2685 146 2754 parte
162 2686 190 2734 et
203 2673 279 2735 dom.
300 2674 473 2736 Guillelmum
488 2674 616 2735 comitem
631 2672 854 2748 Gebennensem,
869 2690 952 2750 super
967 2669 1139 2732 inleudacio-

63 2789 104 2833 ne
117 2783 268 2831 castrorum
278 2772 448 2853 Anayssiaci,
465 2770 649 2845 clarimontis,
665 2769 754 2832 Castri
767 2769 887 2831 Gallardi
902 2782 930 2830 et
941 2768 1005 2830 ville
1022 2767 1139 2849 Ruppis,

65 2881 96 2929 et
112 2867 258 2948 superbiis
273 2887 326 2948 que
341 2869 389 2930 dni
404 2868 541 2931 Amedeus
566 2882 595 2930 et
614 2868 778 2948 Hugoninus
791 2867 890 2929 fratres
906 2866 971 2930 dicti
989 2865 1066 2928 dom.
1088 2885 1140 2929 co-

64 2963 141 3025 mitis
151 2964 257 3025 ceben.
271 2965 402 3026 tenebant
417 2965 453 3026 ab
464 2965 517 3027 alio
531 2984 613 3046 quam
628 2984 644 3025 a
659 2964 733 3026 dicto
746 2963 864 3041 comite;
877 2962 923 3043 qui
934 2974 1068 3025 tractatus
1081 2975 1141 3058 erat

65 3059 144 3141 quod
161 3059 229 3121 dict.
243 3078 337 3122 comes
349 3061 473 3142 predicta
485 3061 577 3122 onmia
589 3060 710 3122 debebat
723 3059 850 3140 accipere
862 3059 891 3120 in
906 3058 1019 3121 feudum
1034 3079 1050 3120 a
1064 3058 1139 3121 dicto

65 3158 147 3218 dom.
161 3154 292 3236 d'alphino
316 3176 368 3236 pro
386 3160 476 3220 Vlllm
491 3156 585 3219 libram
602 3163 757 3231 Toronen,
773 3175 842 3236 quas
861 3156 928 3218 dict.
945 3155 974 3218 d.
989 3155 1137 3237 dalphinus'

63 3254 145 3315 dicto
160 3253 189 3314 d.
210 3253 302 3316 comiti
322 3252 443 3316 debebat
460 3254 527 3316 dare
553 3254 625 3316 lacta
645 3254 721 3334 prius
742 3253 890 3315 concordia
905 3266 934 3315 et
950 3253 1137 3316 transactione
1207 3255 1209 3261 ’
1311 3299 1314 3306 »

65 3368 133 3410 cum
146 3349 223 3409 dom⁰
238 3349 367 3430 Philippo
380 3368 446 3430 rege
462 3356 642 3424 Francorum,
658 3349 704 3430 qui
725 3350 895 3430 questionem
910 3349 1041 3411 movebat
1056 3368 1139 3431 super

65 3444 137 3506 dict.
155 3446 252 3510 castris
266 3460 294 3510 et
307 3447 382 3524 villa,
398 3461 481 3529 prout
496 3447 525 3510 in
538 3448 598 3530 ipso
611 3448 701 3510 instr²⁰
721 3446 829 3529 plenius
842 3444 1008 3509 continetur.
