2716 4784
587 399 763 463 -108-

136 511 280 590 Alamandi
294 531 405 608 notariI,
421 531 473 594 sub
486 550 560 593 anno
578 531 632 593 Dni
647 536 857 607 nuncin-111⁰,
866 531 1016 593 continens
1029 531 1105 613 quod
1116 538 1200 593 Petrus

137 626 262 690 Sarniers
277 628 403 691 vendidit
418 629 496 691 dom⁰
516 637 600 692 Petro
620 629 746 692 nuruscii
764 649 771 690 r
790 629 935 693 sestarium
952 629 1084 692 frumenti
1103 647 1200 704 census,

136 723 212 805 quod
229 724 282 787 sibi
296 724 435 788 iaciebant
449 725 611 790 Guillelmus
624 726 737 789 Iordani
753 740 782 790 et
794 726 934 789 Iohannes
948 726 1203 820 Amandrucitsuper

137 820 221 883 rebus
235 822 372 884 contentis
387 822 414 883 in
427 822 502 886 dicto
514 823 615 885 instr10.

182 935 246 998 579.
265 925 344 996 Item,
357 920 444 1000 quod.
459 920 537 1001 publ.
556 914 768 983 instrumentum
782 919 915 1002 scriptum
928 939 1014 982 manu
1031 919 1157 1002 Hugonis
1168 927 1204 980 Io

136 1011 224 1073 mardi
243 1012 354 1089 notarii,
371 1014 423 1076 sub
447 1034 521 1076 anno
537 1014 591 1075 Diri
609 1019 749 1090 II⁰CCC⁰,
765 1032 803 1075 xu
826 1012 939 1076 kalend.
958 1011 1057 1088 madii,
1073 1012 1205 1075 continens

16 1109 32 1121 “
137 1108 212 1190 quod
230 1109 352 1172 Thomas
363 1111 398 1173 de
414 1111 534 1173 Peladru
551 1110 807 1174 domicellusdedit
820 1109 944 1173 Dionisio
958 1109 1110 1193 Reynoudi
1122 1127 1205 1172 omnes

136 1224 193 1281 res,
208 1207 410 1289 possessiones,
429 1209 524 1290 usagia
540 1222 568 1272 et
582 1207 711 1290 homagia
730 1221 758 1270 et
780 1226 877 1270 omnes
898 1206 1025 1291 actiones
1043 1225 1206 1289 quecumque

137 1303 191 1366 sint
213 1323 267 1386 que
286 1305 405 1366 condam
425 1305 535 1368 fuerunt
562 1306 637 1369 Petri
662 1306 819 1389 Reynoudi,
845 1318 873 1369 et
894 1304 1064 1387 generaliter
1086 1303 1206 1388 quicquid

137 1402 258 1465 habebat
271 1403 298 1463 in
315 1403 516 1475 mandamentis
530 1404 633 1467 Montis
648 1403 757 1466 Bonodi
772 1417 800 1467 et
815 1403 850 1464 de
866 1402 1038 1465 Bucurione.

131 1538 135 1545 ·
182 1501 248 1581 580.
266 1507 344 1579 Item,
367 1500 404 1562 al.
424 1501 501 1582 publ.
524 1502 735 1564 instrumentum
755 1500 887 1582 scriptum
901 1519 985 1562 manu
1008 1499 1088 1563 Petri
1102 1499 1206 1563 Asseliri

136 1596 248 1674 notarii,
266 1597 318 1659 sub
335 1616 408 1661 anno
426 1598 479 1660 Dni
503 1602 741 1676 II·II⁰LIIIIVII⁰,
757 1599 903 1661 continens
916 1597 1145 1679 recognicionem
1157 1597 1207 1659 lac·

136 1708 193 1758 tarn
208 1695 288 1756 domo
302 1700 386 1759 Petro
402 1697 527 1759 nuruscii
546 1717 595 1778 per
613 1696 767 1778 Guigonam
787 1714 902 1757 uxorem
924 1694 1047 1757 condam
1066 1693 1205 1757 Bermondi

137 1793 174 1856 de
195 1792 347 1874 Brognino,
371 1800 521 1876 Ilugonem
536 1809 564 1858 et
577 1794 720 1857 Herlinum
736 1792 897 1869 Bermondi‚
912 1791 985 1855 filios
997 1812 1077 1871 suos,
1093 1793 1139 1875 qui
1151 1810 1206 1854 con·

137 1889 203 1953 lessi
221 1903 286 1952 sunt
300 1910 330 1953 se
349 1905 445 1954 tenere
462 1912 478 1954 a
495 1892 569 1955 dicto
589 1891 666 1954 dom.
686 1897 771 1954 Petro
788 1909 833 1952 res
846 1903 875 1952 et
888 1888 971 1952 leuda
986 1889 1017 1951 in
1036 1889 1099 1972 ipso
1113 1891 1205 1952 instru-

137 2000 230 2050 mento
244 2001 385 2050 contenta.

182 2084 246 2163 581.
264 2090 343 2161 Item,
361 2084 447 2165 quod.
469 2085 546 2165 publ.
565 2084 776 2147 instrumentum
791 2082 922 2165 scriptum
937 2100 1023 2143 manu
1039 2080 1164 2144 Garnerii
1178 2082 1204 2143 de

138 2184 289 2260 correyro,
307 2179 358 2241 sub
373 2199 446 2243 anno
463 2182 516 2243 Dni
532 2183 766 2257 nurcuxxvlu,
782 2179 828 2242 die
844 2178 932 2242 sabati
948 2191 1014 2261 post
1027 2178 1129 2242 festum
1142 2178 1203 2241 beati

139 2275 326 2338 bartholomei
348 2277 476 2358 apostoli,
499 2279 643 2341 continens
657 2277 885 2359 compromissum
899 2277 1001 2339 iactum
1017 2276 1092 2339 inter
1106 2277 1204 2360 Sybou·

137 2372 203 2433 durn
218 2371 254 2434 de
273 2379 446 2437 castronovo
461 2388 489 2436 et
504 2374 679 2437 Guillelmum
692 2374 750 2453 ejus
761 2372 847 2435 filium
863 2393 897 2436 ex
911 2392 966 2434 una
979 2387 1062 2454 parte
1076 2387 1106 2437 et
1116 2374 1203 2437 Alber·

136 2484 194 2532 tum
210 2468 246 2531 de
262 2472 422 2534 Montelorti
439 2491 474 2534 ex
494 2472 592 2534 altera.
678 2482 685 2498 ⁰

182 2568 246 2647 582.
268 2574 346 2646 Item,
376 2569 462 2650 quod.
489 2568 526 2629 al.
552 2568 629 2649 publ.
656 2568 853 2630 intrumentum
878 2566 1011 2647 scriptum
1034 2587 1119 2629 manu
1140 2567 1202 2630 Petri

137 2662 265 2744 Ayliendi
280 2664 389 2742 notarii,
410 2665 462 2727 sub
477 2684 550 2727 anno
569 2672 679 2726 Incarn.
698 2663 751 2726 Dr'ri
764 2665 959 2739 nurcuxxv,
972 2663 1023 2725 die
1042 2664 1132 2727 sabati
1150 2677 1202 2727 ante

139 2759 356 2838 penthecosten,
374 2763 519 2825 continens
528 2763 603 2844 quod
617 2761 778 2824 Guillelmus
788 2759 923 2822 Albanelli
935 2759 1065 2823 vendidit
1078 2761 1200 2845 Syboudo

137 2857 172 2918 de
196 2863 294 2920 Castro
318 2864 415 2936 Novo,
437 2861 481 2923 cui
499 2860 633 2924 successit
658 2858 734 2921 dom.
763 2857 933 2938 Delphinus,
960 2875 1046 2918 unam
1075 2859 1200 2941 eyminum

137 2975 225 3019 avene
239 2975 339 3021 census
353 2979 435 3041 quam
458 2959 562 3024 faciunt
582 2958 774 3023 tenementarii
789 2957 817 3020 in
833 2958 894 3039 ipso
907 2957 998 3020 instr¹⁰
1017 2959 1152 3020 contenti.

182 3053 246 3135 583.
283 3062 366 3132 Item,
397 3057 483 3138 quod.
511 3057 588 3139 publ.
622 3047 832 3118 instrumentum
864 3054 997 3135 scriptum
1023 3075 1109 3117 manu
1140 3051 1202 3118 Petri

138 3150 257 3229 nlieudi,
277 3152 328 3214 sub
340 3173 413 3215 anno
427 3155 564 3235 predicto,
579 3153 724 3216 continens
737 3151 811 3234 quod
829 3159 928 3214 Petrus
943 3152 1058 3235 Coyreti
1073 3152 1109 3215 de
1122 3160 1202 3214 Bucu-

137 3251 216 3315 rione
237 3250 362 3314 vendidit
381 3252 514 3335 Syboudo
532 3253 567 3315 de
576 3243 756 3314 'castronovo
776 3269 844 3312 unor
865 3250 970 3312 solidos
980 3269 1083 3314 census
1099 3251 1135 3313 de
1152 3252 1202 3332 pla-

137 3351 204 3427 cito,
223 3370 293 3433 quos
308 3350 413 3413 faciunt
426 3349 570 3413 feudatarii
586 3348 707 3411 contenti
721 3348 749 3409 in
766 3347 840 3410 dicto
856 3347 957 3410 instr¹⁰.

182 3447 246 3529 584.
265 3456 344 3524 Item,
361 3448 447 3529 quod.
462 3448 538 3529 publ.
556 3447 766 3508 instrumentum
784 3445 827 3529 (ut
849 3445 929 3528 573),
952 3443 1100 3507 continens
1116 3445 1204 3507 boma-

138 3544 213 3624 gium
225 3544 319 3627 ligium
334 3545 479 3627 prestitum
493 3545 571 3607 dom⁰
584 3544 715 3626 dalphino
736 3564 786 3626 per
807 3551 1009 3626 laquemonum
1023 3541 1061 3605 de
1076 3542 1174 3606 villeta
1184 3554 1206 3604 et
1218 3526 1225 3545 ’

137 3641 321 3706 terminum...
333 3655 338 3686 ¹

183 3740 246 3820 585.
274 3749 360 3817 Item,
380 3740 465 3822 qued.
491 3739 581 3802 linera
608 3739 718 3802 duobus
747 3739 842 3821 sigillis
866 3738 985 3820 sigillata
1006 3736 1037 3799 in
1062 3738 1207 3821 pendenti,

132 3834 241 3915 ¹scriptu
262 3836 313 3898 sub
331 3857 404 3900 anno
426 3836 479 3899 oni
504 3838 739 3912 II⁰II⁰IIC⁰VIII⁴?,
763 3849 922 3899 11110nonas
942 3834 1050 3914 marcii,
1069 3835 1211 3899 continens

138 3933 368 4015 permutationem
392 3934 492 3997 iactam
513 3952 564 4014 per
584 3931 661 3995 dom.
685 3933 845 4015 episcopum
865 3932 1082 4014 Grationopolit.
1106 3947 1137 4000 et
1159 3933 1214 4015 ejus

180 4160 200 4197 r.
216 4140 255 4196 En
269 4157 302 4198 m.
320 4139 373 4196 Pro
387 4137 509 4213 recognit.
526 4135 654 4193 Alavardi.
