2722 4770
670 384 827 428 -10-

209 499 354 562 continens
387 513 534 563 tractatum
556 516 585 562 et
610 498 816 562 conventiones
841 498 1045 580 sponsaliorum
1068 512 1101 562 et
1134 501 1286 564 mammii

208 596 390 657 contrahendi
420 610 448 658 et
477 595 730 658 contrahendarum
751 613 801 675 per
830 594 980 668 Andream,
1003 593 1096 657 tilium
1123 596 1196 659 dicti
1224 597 1286 658 don.

210 693 357 755 humberti
367 692 536 773 dalphini,et
547 693 624 754 dom.
639 691 891 765 Blancham,hliam
901 690 968 754 dicti
977 690 1056 753 dom.
1068 693 1154 775 regis
1163 699 1285 756 Navem

254 808 299 865 37.
321 796 400 861 ltem,
424 789 530 868 quodd.
549 789 689 868 publicum
712 789 924 850 instrumentum
941 787 1077 867 scriptum
1108 803 1141 852 et
1161 790 1288 871 signatur

209 904 291 948 manu
308 884 439 946 Chaberti
450 886 578 947 Bastonis
593 886 704 957 notarii,
722 885 775 947 sub
788 903 862 945 anno
876 883 929 945 nni
953 889 1185 961 intec‘xcutt,
1203 885 1287 949 indict

208 996 261 1057 vr,
277 994 317 1042 ut⁰
329 982 442 1043 kalend.
456 983 535 1060 junii,
552 983 662 1045 duobus
679 982 774 1061 sigillis
794 981 884 1043 cereis
917 982 945 1043 in
970 980 1110 1062 pendenti
1136 983 1288 1065 sigillatum,

207 1082 353 1144 continens
364 1082 562 1162 quietationem
583 1096 612 1143 et
634 1081 837 1143 absolutionem
852 1080 940 1142 lactas
962 1098 1013 1160 per
1026 1080 1111 1143 dom.
1146 1081 1289 1146 Amedeun

205 1181 334 1242 comitem
349 1180 487 1241 sabaudie
504 1181 582 1241 dom⁰
599 1178 753 1241 humberto
765 1178 896 1259 delphino
912 1177 1073 1251 Viennensi,
1114 1179 1236 1243 domino
1259 1179 1290 1241 de

207 1283 308 1350 Turre,
321 1276 357 1337 de
373 1277 503 1357 homagio
518 1277 546 1337 in
565 1296 621 1357 quo
635 1275 711 1336 dicto
738 1276 832 1337 comiti
846 1275 934 1337 teneri
962 1274 1116 1337 dicebatur
1144 1276 1289 1340 occasione

208 1373 324 1435 baronie
336 1386 411 1434 terre
424 1374 530 1447 Turris,
555 1373 591 1433 de
605 1373 776 1453 Cologniaco
800 1386 827 1434 et
842 1387 934 1434 castro
950 1372 986 1432 de
999 1372 1176 1451 Burgundio
1199 1372 1290 1454 etqui

211 1468 328 1531 busdam
339 1469 399 1531 aliis
412 1470 510 1532 castris
525 1485 552 1531 et
566 1469 656 1530 leudis
666 1488 720 1549 que
733 1470 760 1530 in
773 1468 848 1531 dicto
865 1469 1050 1531 instrumento
1060 1470 1259 1533 nominantur.

255 1571 300 1643 38.
320 1576 399 1643 ltem,
413 1568 500 1650 quod.
526 1566 666 1648 publicum
695 1567 907 1629 instrumentum
937 1565 1070 1645 scriptum
1103 1586 1196 1630 manu
1228 1565 1289 1629 Petri

210 1666 305 1727 Grassi
320 1665 419 1727 notarii
437 1665 528 1746 publ,
543 1664 594 1726 sub
609 1683 683 1725 anno
700 1664 857 1727 Natiuitatis
873 1663 925 1725 oni
952 1668 1191 1743 wcc0xc⁰vt⁰,
1207 1683 1289 1729 mense

210 1764 304 1840 madii,
321 1764 411 1825 tribus
425 1763 531 1844 sigillis,
545 1780 602 1824 uno
616 1781 719 1841 magno
729 1778 757 1824 et
770 1762 880 1824 duobus
892 1761 996 1841 parvis,
1010 1760 1040 1822 in
1050 1763 1195 1842 pendenti
1205 1764 1290 1847 rigia

208 1874 279 1936 tunt,
306 1861 453 1923 continens
480 1861 698 1935 matrimonium,
717 1873 890 1923 contractum
915 1872 942 1920 et
972 1856 1047 1919 dotis
1077 1858 1288 1937 promissiones

209 1945 315 2021 dudum
329 1972 503 2020 contractum
518 1973 546 2020 et
557 1958 658 2020 laetam
678 1959 750 2019 inter
769 1956 900 2017 Karolum
917 1961 994 2028 llum,
1011 1972 1112 2034 regem
1125 1955 1288 2019 iherusaleo

210 2068 238 2115 et
252 2053 367 2126 cecilie,
383 2053 494 2113 nomine
505 2054 584 2114 dume
600 2054 733 2116 Beatricis
754 2052 845 2132 neptis
859 2051 945 2131 ipsius
977 2049 1052 2129 regis
1079 2048 1204 2133 lilieque
1228 2052 1287 2115 bone

210 2149 344 2212 memorie
357 2149 441 2210 incliti
455 2150 587 2230 principis
600 2151 673 2212 dom¹
691 2149 783 2211 Katoli
791 2145 967 2230 primogeniti
981 2146 1053 2223 ejus,
1070 2149 1205 2230 Ungarie
1219 2148 1288 2230 regis,

211 2260 240 2309 et
253 2245 330 2307 dom.
351 2251 560 2308 Benevenutum
576 2248 612 2309 de
635 2247 785 2327 Compesio
799 2260 827 2307 et
846 2245 922 2306 dom.
938 2243 1097 2306 iohannem
1128 2245 1168 2308 de
1198 2252 1287 2309 Sancto

211 2344 326 2420 Sabino,
344 2345 455 2406 nomine
471 2345 544 2407 dom¹
563 2346 696 2408 iohannis
712 2344 845 2426 dalphini.

254 2461 299 2523 39.
311 2449 390 2517 lteni,
407 2442 493 2523 quod.
513 2443 632 2505 vidimus
649 2443 806 2505 confectum
821 2459 904 2501 manu
923 2437 1055 2500 Mandoni
1072 2437 1114 2501 de
1140 2448 1289 2513 humum,

211 2539 263 2602 sub
275 2559 348 2601 anno
367 2535 419 2600 oni
436 2545 677 2615 M⁰CCC⁰XV111⁰‚
694 2539 740 2601 die
754 2552 804 2600 xx0
818 2535 953 2610 octobris,
971 2544 991 2595 ι·
1003 2534 1121 2613 indict,
1154 2539 1290 2603 contineor

211 2637 331 2698 vidimus
345 2636 540 2716 etexemplum
554 2636 729 2698 instrumenti
741 2635 808 2696 dicti
822 2631 989 2695 matrimonii
1003 2644 1032 2693 et
1057 2637 1207 2700 contracti
1232 2637 1291 2699 mu

213 2734 318 2795 dictum
334 2733 412 2795 dom.
435 2733 595 2813 dalphinum
618 2747 645 2794 et
672 2733 748 2794 dom.
767 2730 922 2794 Beatricem
947 2728 1075 2809 superius
1102 2731 1292 2813 registrati,et

214 2829 354 2909 quandam
372 2829 479 2890 literam
495 2848 580 2910 super
594 2830 659 2892 dote
669 2830 756 2911 ipsius
775 2831 852 2890 dom.
870 2826 1014 2889 Beatricis.

253 2945 304 3004 4⁰·
330 2933 409 3002 item,
428 2927 515 3006 quod.
534 2927 673 3007 publicum
705 2929 917 2990 instrut.ientum
946 2924 974 2984 in
990 2921 1091 3004 gallico
1108 2943 1200 2989 manu
1215 2927 1292 2989 Tiro

216 3022 291 3084 baldi
306 3023 342 3084 de
358 3023 456 3085 Meldis
466 3024 565 3085 notarii
581 3039 735 3106 receptum,
752 3024 804 3087 sub
819 3042 892 3085 anno
920 3022 974 3085 Dhi
995 3022 1292 3101 M⁰ltl⁶xxv111·,die

214 3134 245 3182 xa
274 3121 377 3183 mensis
395 3121 530 3198 octobris,
553 3123 698 3185 continens
712 3134 908 3184 testamentum
923 3118 1015 3180 inclite
1030 3117 1112 3178 dom⁰
1126 3118 1290 3192 clemencie,

217 3219 313 3302 regine
328 3219 455 3295 Francie,
471 3219 564 3302 inquo
578 3221 630 3282 sibi
645 3218 776 3281 heredem
787 3217 904 3280 instituit
915 3215 992 3277 dom.
1020 3214 1216 3279 Humbertum
1243 3214 1293 3279 dal

217 3316 331 3399 phinum
349 3315 546 3392 Viennensem,
564 3315 616 3379 sub
630 3316 726 3378 formis
739 3330 766 3378 et
774 3311 985 3378 condicionibus
994 3311 1022 3372 in
1036 3310 1098 3391 ipso
1114 3311 1292 3377 instrumento

215 3412 365 3476 contentis.

255 3527 305 3586 41.
327 3515 405 3586 ltem,
422 3508 509 3589 quod.
527 3509 668 3588 publicum
680 3509 892 3570 instrumentum
909 3525 991 3567 manu
1006 3505 1142 3584 Stephani
1157 3507 1198 3570 de
1217 3515 1292 3571 Dom-

138 3641 141 3647 ι
217 3624 273 3686 pno
292 3606 435 3686 scriptum,
451 3605 503 3666 sub
520 3625 593 3666 anno
610 3614 747 3667 incarnat.
778 3604 831 3667 Dni
861 3607 1102 3677 Mucccutxtw,
1129 3603 1180 3666 die
1210 3601 1292 3667 martis

213 3716 277 3784 post
292 3703 391 3764 lestum
425 3704 624 3766 penthecostes
645 3716 716 3764 xvn²
744 3703 789 3764 die
805 3702 908 3763 mensis
933 3699 1027 3773 madii,
1055 3700 1211 3765 continens
1232 3718 1293 3765 con·

211 3799 357 3862 ventiones
377 3800 511 3881 quasdam
531 3799 618 3862 factas
640 3800 712 3862 inter
734 3800 813 3861 dont.
845 3796 995 3858 Henricum
1025 3795 1170 3874 Delphini,
1190 3797 1293 3861 nomin

213 3896 286 3958 doroi
299 3896 433 3978 Guigonis
447 3890 505 3975 eius
519 3898 639 3979 nepotis,
654 3918 689 3959 ex
699 3917 753 3960 una
762 3907 852 3976 parte,
863 3906 890 3956 et
899 3894 976 3956 dom.
987 3892 1143 3955 lohannam
1158 3895 1292 3979 reginam,

214 4014 297 4076 super
311 4002 408 4057 xxxu
429 3994 560 4056 librarum
571 3995 663 4074 petitis
678 4013 727 4074 per
740 3993 842 4055 dictum
865 3992 941 4051 dom.
975 3988 1140 4066 henricum,
1161 4005 1195 4055 et
1224 4006 1293 4074 quer

215 4093 357 4156 damalias
377 4092 586 4155 conventiones.
