2716 4784
497 437 675 479 -101-

90 560 120 623 51
132 565 157 623 ι.
181 551 260 622 ltem,
285 547 372 627 quod.
396 549 606 613 instrumentum
625 552 668 632 (ut
695 553 775 634 506),
797 554 942 616 continens
965 556 1122 636 homagium

42 638 140 720 ligium
151 641 296 722 prestitum
307 643 384 705 dom⁰
393 645 524 727 dalphino
539 667 588 728 per
603 655 716 710 Petrum
730 650 878 712 Lambelli¹
896 664 924 713 et
937 652 1120 716 terminum...

91 738 156 817 516.
176 745 255 816 ltem,
276 742 363 822 quod.
379 743 457 824 publ.
480 745 690 808 instrumentum
705 747 748 828 (ut
767 747 847 827 506),
867 749 1011 810 continens
1024 749 1124 811 horna-

45 837 122 917 gium
145 837 239 919 ligium
263 841 407 921 prestitum
428 842 505 906 dom⁰
526 843 656 925 dalphino
673 864 723 923 per
749 845 915 907 Richardum
935 845 996 907 Albi
1017 859 1045 908 et
1063 861 1123 909 ter-

45 950 213 998 ιιιιιιιιιτι...1

90 1052 157 1114 517.
188 1040 267 1111 Item,
295 1036 381 1117 quod.
405 1037 441 1098 al.
465 1037 543 1119 publ,
568 1038 778 1101 instrumentum
805 1039 847 1120 (ut
875 1039 954 1121 506),
980 1039 1124 1103 continens

45 1130 205 1212 homagium
227 1131 320 1212 ligium
336 1134 480 1214 prestitum
505 1134 583 1197 d0m⁰
607 1136 738 1216 dalphino
762 1156 812 1217 per
832 1143 944 1199 Petrum
962 1137 997 1199 de
1017 1134 1124 1199 Podio-

49 1226 157 1290 bosone
173 1243 200 1290 et
213 1230 397 1293 terminum...

91 1325 157 1404 518.
177 1331 256 1401 item,
278 1327 363 1407 quod.
382 1328 418 1390 al.
440 1328 517 1411 publ.
542 1317 766 1404 instrumentum,
790 1343 817 1393 ut
835 1331 957 1412 precem,
979 1329 1123 1392 continens

46 1418 205 1502 homagium
225 1421 318 1503 ligium
341 1424 484 1504 prestitum
507 1424 585 1488 dom⁰
600 1426 730 1507 dalphino
743 1446 793 1508 per
806 1434 974 1489 Peronetum
999 1426 1035 1488 de
1052 1434 1124 1489 hre-

47 1517 127 1578 nerio
145 1517 248 1580 dictum
267 1520 379 1583 Charlet
390 1535 418 1583 et
432 1521 615 1584 terminum...

91 1633 157 1696 519·
177 1621 254 1691 item,
272 1616 357 1697 quod.
376 1618 453 1699 publ.
470 1619 692 1694 instrumentum,
705 1631 733 1680 ut
740 1619 861 1701 praeced„
875 1619 1020 1681 continens
1029 1619 1125 1681 homa·

47 1711 124 1792 gium
138 1712 232 1793 ligium
252 1702 395 1793 prest'itum
418 1716 495 1777 dom⁰
517 1716 648 1796 dalphino
663 1735 713 1796 per
728 1716 881 1778 iohannem
904 1717 940 1778 de
965 1716 1124 1779 Morestello

46 1822 74 1872 et
86 1823 273 1874 terminum...

91 1923 156 1987 520
178 1914 245 1968 Item
249 1907 357 1988 ,q.uod
372 1909 449 1990 publ.
466 1909 688 1985 instrumentum,
700 1923 727 1971 ut
737 1909 858 1991 praeced,
874 1910 1019 1971 continens
1032 1910 1126 1970 horna·

46 2006 123 2087 glum
147 2006 241 2088 ligium
257 2007 404 2099 ‚prestitum
424 2008 501 2070 dom⁰
524 2007 655 2089 dalphino
678 2027 732 2089 ρει
751 2007 927 2088 Rodulphum
950 2006 985 2068 de
1006 2006 1082 2069 Valle
1097 2020 1126 2068 et

44 2104 231 2167 terminum...

90 2219 156 2282 5²¹·
181 2208 261 2277 item,
288 2200 374 2281 quod
406 2200 483 2281 publ.
511 2200 722 2262 instrumentum
743 2201 785 2282 (ut
811 2201 890 2280 503),
919 2199 1013 2260 diex²
1034 2220 1122 2262 mens.

45 2297 180 2378 januarii,
208 2297 353 2359 continens
373 2297 530 2378 homagium
552 2297 696 2378 prestitum
720 2297 797 2359 d0m⁰
817 2296 947 2376 dalphino
973 2316 1023 2376 per
1047 2296 1123 2358 dom.

45 2397 200 2462 iohannem
219 2394 391 2476 Berengarii,
408 2395 549 2457 dominum
568 2395 749 2476 Morgiarum,
764 2407 791 2457 et
806 2393 990 2454 terminum...

91 2510 157 2573 52²·
178 2499 257 2568 ltem,
272 2491 359 2573 quod.
377 2491 453 2572 publ.
476 2492 688 2554 instrumentum
703 2491 746 2573 (ut
768 2490 847 2571 506),
867 2488 1012 2569 continens
1027 2489 1126 2549 homa-

47 2591 130 2671 gium·
146 2588 241 2670 ligium
259 2588 402 2670 prestitum
423 2588 501 2650 dom⁰
525 2588 655 2669 dalphino
674 2598 724 2670 per
741 2587 895 2649 iohannem
919 2585 1072 2646 Bemondir
1089 2585 1125 2647 de

47 2687 150 2749 vilario
163 2700 191 2749 et
204 2685 390 2749 terminum...

91 2801 158 2864 523.
178 2790 257 2860 item,
269 2783 355 2865 quod.
370 2783 447 2865 publ.
462 2782 686 2858 instrumentum,
703 2793 730 2841 ut
741 2779 862 2862 praeeat„
877 2778 1022 2841 continens
1033 2777 1128 2838 homa·

48 2881 123 2962 gium
143 2880 238 2962 ligium
263 2881 407 2963 prestitum
429 2881 506 2944 dom⁰
530 2880 660 2960 dalphino
681 2899 731 2960 per
755 2879 908 2952 iohannem
929 2878 964 2939 de
988 2883 1084 2940 Tanco
1100 2890 1129 2939 et

50 2992 238 3040 terminum...

94 3094 161 3156 524.
179 3083 258 3150 Item,
280 3074 365 3156 quod.
381 3076 418 3137 al.
441 3076 663 3150 instrumentum,
684 3087 711 3136 ut
728 3074 850 3156 praeced„
871 3073 1016 3136 continens
1029 3073 1130 3135 homa·
1229 3138 1233 3144 ,

49 3174 123 3255 gium
136 3172 232 3283 ligium
246 3173 390 3254 prestitum
406 3173 483 3235 dom⁰
502 3173 633 3255 dalphino
656 3192 705 3253 per
725 3171 903 3234 Franciscum
921 3173 956 3233 de
974 3172 1128 3234 Goncelino

50 3285 77 3333 et
90 3270 292 3352 assignacionis
305 3271 490 3333 terminum...

93 3368 416 3449 525.1tem,quod.al.
438 3369 660 3444 instrumentum,
678 3379 705 3428 ut
720 3367 841 3449 praeced„
865 3367 1010 3427 continens
1030 3365 1130 3425 homa-

50 3464 125 3574 gium
149 3463 244 3545 ligium
258 3464 402 3545 prestitum
420 3465 501 3528 domo
518 3465 649 3546 dalphino
668 3485 719 3549 per
733 3465 887 3526 iohannem
905 3461 1003 3524 Orselli
1024 3473 1052 3523 et
1070 3474 1131 3522 ter·

49 3561 194 3639 minum...
232 3634 235 3639 Α

94 3657 161 3739 526.
182 3666 262 3735 ltem,
281 3659 367 3741 quod.
382 3659 418 3722 al.
437 3661 648 3723 instrumentum
664 3659 706 3740 (ut
726 3653 805 3740 506),
821 3658 866 3720 die
879 3669 919 3719 ιιι3
933 3675 1022 3720 mens.
1037 3656 1132 3736 janua·
1165 3648 1168 3657 ’

45 3755 92 3832 rii,
118 3756 264 3819 continens
287 3756 445 3838 homagium
462 3758 555 3839 ligium
572 3755 716 3836 prestitum
736 3756 814 3817 dom⁰
831 3756 962 3837 dalphino
980 3774 1031 3836 per
1047 3760 1132 3818 Jaco-

46 3857 116 3919 bum
131 3855 166 3918 de
185 3861 288 3918 Sancto
305 3854 468 3938 Mich<aele)
483 3869 511 3917 et
526 3855 710 3917 terminum...

93 3970 162 4045 537.
186 3959 264 4029 item,
284 3952 370 4035 quod.
388 3953 425 4016 al.
446 3953 523 4036 publ.
540 3952 751 4016 instrumentum
768 3951 811 4032 (ut
827 3952 907 4034 511),
924 3949 1070 4014 continens
1082 3951 1133 4014 ho-

89 4176 114 4213 r.
132 4156 172 4211 En
186 4173 220 4214 m.
236 4155 270 4212 P.
286 4155 317 4211 de
331 4124 454 4212 Ambello.
466 4186 499 4198 -
511 4172 535 4213 2.
552 4152 591 4211 En
605 4173 638 4213 m.
655 4153 796 4212 hiemandi.
812 4184 845 4196 -
863 4171 887 4226 3.
903 4154 942 4209 En
956 4172 989 4210 m.
1002 4149 1130 4209 Bemundi.
