2716 4784
583 439 624 453 -ι
645 425 702 487 {99
724 441 760 453 .-

137 534 315 597 Guichardus
337 535 438 610 Fortis,
458 537 598 599 lohannes
612 537 648 597 de
666 544 754 618 Fonte
766 538 802 599 de
816 545 953 621 Rossyeu,
977 538 1133 615 dornioelli;
1147 539 1212 600 item

137 632 313 695 Guichardus
324 645 352 694 et
368 633 515 694 Durundus
525 632 561 694 de
577 634 676 696 Rubeo
690 639 785 697 Monte
795 634 1106 697 domicell'coniitentur
1117 653 1212 696 eorum

135 730 297 809 juramentis
320 730 395 810 quod
415 730 572 792 Lantelmus
601 731 636 793 de
664 731 856 793 Rubeomonte
875 732 1036 794 domicellus
1062 746 1104 794 est
1131 732 1231 794 homo-

137 827 211 890 dom¹
235 826 376 906 dalphini;
396 827 427 888 it.
446 828 593 889 Durandus
616 827 652 888 de
679 828 874 890 Rubeomonue
883 829 1049 891 domicellus
1068 827 1215 892 confitetur

135 924 213 1006 quod
228 923 366 985 lohannes
384 923 419 985 de
435 924 628 986 Rubeomonte
642 924 701 1004 ejus
722 945 810 1006 nepos
823 940 865 988 est
878 928 961 989 homo
979 927 1053 989 dom¹
1068 927 1189 1009 dalphini
1205 949 1213 1005 ;

135 1022 168 1083 it.
180 1020 319 1082 lohannes
335 1021 371 1081 de
386 1027 474 1083 Fonte
488 1034 517 1083 et
529 1022 669 1083 lohannes
691 1023 786 1084 Milleti
810 1023 906 1085 dicunt
929 1037 958 1086 et
987 1039 1114 1087 asserunt
1139 1026 1214 1107 quod

114 1158 116 1161 -
137 1119 295 1198 Stephanus
312 1117 348 1179 de
364 1124 452 1180 Fonte
461 1117 623 1180 domicellus
637 1131 680 1179 est
688 1118 771 1180 homo
794 1119 867 1180 dom¹
882 1119 1005 1200 dalphini
1022 1141 1030 1199 3
1056 1121 1088 1186 it.
1113 1122 1216 1184 lohan-

136 1233 189 1277 nes
206 1215 343 1277 Leobardi
359 1228 387 1277 et
401 1216 534 1278 Girardus
547 1216 607 1294 ejus
624 1214 710 1277 irater
730 1216 826 1278 dicunt
845 1217 920 1298 quod
935 1217 986 1298 ipsi
1004 1232 1068 1281 sunt
1090 1219 1215 1283 homines

138 1313 357 1394 domldalphini,
1218 1328 1221 1334 '

184 1429 269 1489 ¹¹¹7·
294 1418 372 1484 Item,
393 1409 478 1491 qued.
501 1398 595 1471 lietera
613 1409 786 1491 impendenti
811 1410 939 1491 sigillata,
966 1412 1111 1475 continens
1140 1415 1216 1496 quod

135 1508 308 1569 lohannetus
321 1506 393 1569 filius
414 1507 554 1588 quondam
583 1508 658 1569 Petri
685 1507 804 1602 Rihaudi
827 1507 942 1570 donavit
971 1507 1121 1573 donatione
1145 1530 1215 1592 pura

89 1643 91 1647 ι
136 1605 219 1686 dom⁰
234 1605 344 1686 Hugoni
355 1605 390 1666 de
406 1611 505 1681 Turre,
523 1604 676 1666 senescallo
700 1604 890 1685 lugdunensi,
906 1604 1039 1686 quidquid
1053 1607 1121 1686 juris
1133 1609 1217 1672 habe«
1247 1615 1250 1620 '
1291 1653 1294 1658 -

138 1701 188 1764 bat
204 1716 302 1764 contra
331 1702 485 1784 Nyculaum
511 1701 628 1762 Ribaudi
643 1713 770 1782 patruum
785 1719 877 1777 suum,
896 1699 1078 1763 habitatorem
1097 1704 1215 1784 vienne,

136 1799 191 1862 suh
205 1820 278 1863 anno
294 1800 348 1862 Dii
360 1803 635 1862 nr⁰11⁶Lxxxv111c
787 1813 789 1816 ⁴

184 1896 268 1958 1118.
285 1902 366 1973 Item,
375 1896 413 1959 al.
429 1897 506 1978 publ.
520 1897 734 1959 instruentum
743 1895 792 1978 (ut
808 1896 908 1978 1074),
924 1896 970 1958 die
983 1910 1037 1958 vin
1049 1898 1152 1960 mensis
1169 1899 1218 1962 de-
1327 1974 1329 1981 y

137 1994 269 2071 cembris,
297 1997 443 2057 continens
464 1996 621 2076 homagium
639 1994 782 2077 prestitum
804 2012 853 2075 per
878 1994 955 2057 dom.
982 1995 1158 2058 Guillelmum
1179 1992 1215 2060 de

139 2091 252 2153 Molone
263 2090 376 2152 militem
390 2091 425 2151 ill¹
435 2091 497 2153 viru
512 2091 589 2154 dom.
607 2090 762 2154 llumberto
774 2090 905 2171 dalphino
924 2091 1073 2155 Viennensi
1086 2093 1214 2156 domino·

137 2208 192 2270 que
203 2188 429 2269 Montisluppelli,
445 2189 590 2250 continens
602 2188 684 2253 etiam
695 2188 771 2269 quod
794 2188 885 2250 dictus
896 2189 972 2251 dom.
992 2189 1154 2252 Guillelmus
1167 2210 1217 2253 re-

136 2287 272 2367 cognovit
289 2305 320 2348 se
334 2300 431 2348 tenere
456 2286 483 2346 in
508 2285 622 2347 feudum
645 2286 803 2347 francuma
829 2285 904 2348 dicto
928 2286 1004 2349 dom.
1031 2286 1162 2368 dalphino
1184 2287 1214 2350 in

138 2384 335 2447 mandamento
348 2384 450 2446 Montis
460 2382 585 2464 Luppelli
602 2383 694 2464 plures
708 2401 809 2445 census
821 2395 849 2444 et
861 2383 987 2445 redditus
999 2396 1029 2444 et
1043 2384 1136 2464 plures
1146 2383 1216 2449 alius

139 2498 185 2541 res
199 2499 268 2561 quas
277 2480 479 2561 particulariter
488 2480 556 2543 alias
567 2479 729 2556 declarabit,
742 2481 887 2542 continens
901 2481 984 2543 etiam
998 2481 1216 2562 protestationes

137 2577 227 2640 iactas
241 2597 291 2657 per
300 2577 388 2640 dictas
398 2590 500 2658 partes.

186 2693 271 2757 1119.
290 2684 369 2751 ltem,
387 2675 474 2756 quod.
490 2675 528 2736 al.
549 2674 627 2756 publ.
649 2675 859 2738 instrumentum
889 2673 932 2755 (ot
959 2675 1059 2757 1074),
1080 2675 1126 2738 die
1147 2688 1218 2738 nrn¹

139 2772 243 2834 mensis
254 2772 395 2858 febroarii,
412 2773 557 2834 continens
580 2771 803 2852 recognicionern
822 2772 923 2833 factam
944 2771 980 2833 ill'
995 2771 1110 2853 principi
1138 2772 1218 2836 dom·

137 2882 235 2932 nostro
249 2870 279 2930 d.
297 2869 451 2932 Humberto
467 2869 617 2932 Viennensi
630 2867 761 2948 delphino
771 2887 821 2948 per
834 2867 930 2929 ven¹⁶m
939 2868 1030 2930 virum
1039 2869 1115 2929 dom.
1133 2876 1218 2931 llum·

138 2967 251 3028 bertum
258 2966 293 3028 de
307 2967 414 3042 Balma,
425 2967 591 3029 canonicum
606 2965 698 3028 Sancti
708 2965 786 3026 Pauli
798 2965 1002 3046 Lugdunensis,
1017 2967 1065 3047 qui
1074 2968 1218 3030 confessus

139 3063 192 3125 fuit
205 3083 236 3124 se
252 3049 349 3125 tenere
360 3064 388 3125 in
402 3063 515 3126 feudum
538 3065 663 3126 francum
684 3075 713 3125 et
733 3062 827 3124 nobile
853 3082 869 3124 a
892 3062 967 3125 dioto
994 3063 1070 3124 dom.
1086 3064 1218 3146 dalphino

140 3173 272 3240 tanquam
287 3159 401 3222 domino
418 3160 521 3221 Montis
535 3160 671 3240 Luppelli,
696 3159 788 3222 omnia
802 3154 829 3221 et
845 3158 952 3239 singula
973 3178 1027 3240 que
1046 3160 1114 3222 alias
1134 3180 1220 3223 reco-

140 3271 278 3338 gnoverat
291 3257 328 3318 ill
341 3257 458 3339 principi
467 3258 544 3318 dom⁰
558 3265 632 3337 ling.
651 3257 715 3339 (leg.
731 3256 866 3338 Guigoni)
877 3255 1174 3337 dalphinoviennensi,
1189 3271 1220 3321 ut

140 3368 258 3416 cavetur
270 3355 299 3416 in
313 3354 399 3436 quod.
412 3354 490 3435 publ.
503 3355 684 3416 instrumento
695 3353 823 3415 confecto
836 3371 920 3413 mauu
935 3352 1000 3414 dicti
1017 3352 1117 3414 Humb¹
1122 3353 1217 3430 Pilati,

143 3451 282 3513 subanno
299 3450 354 3512 Diri
367 3457 621 3525 n⁰ccc⁰xxxl1⁰,
640 3450 684 3511 die
698 3463 758 3511 κω
769 3449 871 3511 mensis
885 3448 1006 3530 augusti,
1029 3461 1059 3510 et
1083 3467 1135 3529 pro
1153 3468 1220 3530 pre-

136 3549 225 3610 dictis
237 3547 304 3610 fecit
319 3548 476 3629 homagium
491 3547 567 3609 dictu
579 3546 656 3608 dom.
676 3545 818 3627 delphino,
833 3558 965 3626 tauquam
984 3544 1096 3607 domiuo
1119 3545 1220 3608 Montis

144 3645 281 3726 Luppelli,
295 3657 323 3706 et
334 3663 385 3724 pro
401 3645 476 3707 dicto
490 3645 574 3707 feudo
600 3643 744 3706 confessus
761 3643 813 3705 luit
830 3641 966 3705 sefacere
986 3642 1110 3725 quitquid
1130 3642 1221 3705 bonus

142 3742 278 3805 vassallus
297 3755 325 3804 et
339 3740 429 3803 fidelis
445 3760 495 3822 pro
511 3741 623 3803 domino
634 3740 786 3802 suefacere
797 3751 892 3821 potest
905 3752 933 3801 et
946 3738 1040 3801 debet.

187 3857 271 3902 1120.
288 3846 368 3914 Item,
381 3839 467 3920 quod.
484 3838 562 3920 publ.
576 3838 788 3900 instrumentum
802 3836 933 3916 scriptum
947 3855 1031 3898 manu
1043 3835 1220 3900 iohannisde

142 3946 260 4000 Serueta
276 3938 312 4000 de
327 3936 447 4019 ‘Leprieu
470 3935 570 3998 notarii
588 3935 668 4017 publ.
682 3933 734 3998 sub
756 3953 831 3996 anno
853 3940 961 3996 lncarn.
979 3933 1068 3997 Dilice
1092 3941 1221 3997 M⁰CCC⁰

143 4042 286 4111 xxx1x0,
298 4035 342 4096 die
354 4048 447 4096 xxnn³
462 4033 565 4096 mensis
580 4033 647 4112 junii
660 4045 690 4096 et
700 4043 761 4094 nni¹
777 4031 843 4094 dicti
853 4031 967 4109 mensis,
982 4031 1128 4096 continens
1142 4032 1219 4113 quod

142 4134 220 4196 dom.
232 4131 398 4193 Amblardus
415 4130 548 4193 Ferraudi
562 4130 639 4192 miles
649 4128 795 4195 confitetur
806 4141 837 4191 et
851 4126 962 4209 publice
976 4127 1221 4211 reco(gno)scitse
