<?xml version="1.0" encoding="UTF-8"?>
<!DOCTYPE html PUBLIC "-//W3C//DTD XHTML 1.0 Transitional//EN"
    "http://www.w3.org/TR/xhtml1/DTD/xhtml1-transitional.dtd">
<html xmlns="http://www.w3.org/1999/xhtml" xml:lang="en" lang="en">
 <head>
  <title>
</title>
<meta http-equiv="Content-Type" content="text/html;charset=utf-8" />
  <meta name='ocr-system' content='tesseract 3.04.00' />
  <meta name='ocr-capabilities' content='ocr_page ocr_carea ocr_par ocr_line ocrx_word'/>
</head>
<body>
  <div class='ocr_page' id='page_1' title='image "./inventairedesar01glgoog/inventairedesar01glgoog_0095.png"; bbox 0 0 2716 4784; ppageno 0'>
   <div class='ocr_carea' id='block_1_1' title="bbox 588 379 752 456">
    <p class='ocr_par' dir='ltr' id='par_1_1' title="bbox 588 379 752 456">
     <span class='ocr_line' id='line_1_1' title="bbox 588 379 752 456; baseline -0.043 -23"><span class='ocrx_word' id='word_1_1' title='bbox 588 379 752 456; x_wconf 65' lang='grc'><strong>.-64-</strong></span> 
     </span>
    </p>
   </div>
   <div class='ocr_carea' id='block_1_2' title="bbox 50 507 1247 3014">
    <p class='ocr_par' dir='ltr' id='par_1_2' title="bbox 50 507 1247 1852">
     <span class='ocr_line' id='line_1_2' title="bbox 137 507 1198 593; baseline -0.009 -17"><span class='ocrx_word' id='word_1_2' title='bbox 137 515 269 576; x_wconf 86' lang='lat' dir='ltr'><strong>annuales</strong></span> <span class='ocrx_word' id='word_1_3' title='bbox 292 511 484 593; x_wconf 88' lang='lat' dir='ltr'><strong>percipiendas</strong></span> <span class='ocrx_word' id='word_1_4' title='bbox 500 530 583 590; x_wconf 91' lang='lat' dir='ltr'><strong>supra</strong></span> <span class='ocrx_word' id='word_1_5' title='bbox 607 511 693 573; x_wconf 90' lang='lat' dir='ltr'><strong>altare</strong></span> <span class='ocrx_word' id='word_1_6' title='bbox 709 518 795 573; x_wconf 87' lang='lat' dir='ltr'><strong>Beate</strong></span> <span class='ocrx_word' id='word_1_7' title='bbox 822 509 909 571; x_wconf 82' lang='lat' dir='ltr'><strong>Mario</strong></span> <span class='ocrx_word' id='word_1_8' title='bbox 930 508 1058 570; x_wconf 81' lang='lat' dir='ltr'><strong>Anicien.</strong></span> <span class='ocrx_word' id='word_1_9' title='bbox 1079 507 1115 568; x_wconf 91' lang='lat' dir='ltr'><strong>de</strong></span> <span class='ocrx_word' id='word_1_10' title='bbox 1137 519 1198 587; x_wconf 88' lang='lat' dir='ltr'><strong>parte</strong></span> 
     </span>
     <span class='ocr_line' id='line_1_3' title="bbox 50 604 1199 698; baseline -0.009 -26"><span class='ocrx_word' id='word_1_11' title='bbox 50 628 54 641; x_wconf 87' lang='grc'><em>·</em></span> <span class='ocrx_word' id='word_1_12' title='bbox 92 690 95 698; x_wconf 29' lang='grc' dir='ltr'>Ι</span> <span class='ocrx_word' id='word_1_13' title='bbox 138 611 203 672; x_wconf 89' lang='lat' dir='ltr'><strong>dicti</strong></span> <span class='ocrx_word' id='word_1_14' title='bbox 216 611 292 672; x_wconf 91' lang='lat' dir='ltr'><strong>dom.</strong></span> <span class='ocrx_word' id='word_1_15' title='bbox 308 608 442 690; x_wconf 86' lang='lat' dir='ltr'>episcopi,</span> <span class='ocrx_word' id='word_1_16' title='bbox 454 622 482 670; x_wconf 93' lang='lat' dir='ltr'><strong>et</strong></span> <span class='ocrx_word' id='word_1_17' title='bbox 496 608 608 669; x_wconf 94' lang='lat' dir='ltr'><strong>domum</strong></span> <span class='ocrx_word' id='word_1_18' title='bbox 626 607 661 669; x_wconf 93' lang='lat' dir='ltr'><strong>de</strong></span> <span class='ocrx_word' id='word_1_19' title='bbox 676 607 823 688; x_wconf 88' lang='lat' dir='ltr'><strong>Gratalops</strong></span> <span class='ocrx_word' id='word_1_20' title='bbox 839 626 902 668; x_wconf 91' lang='lat' dir='ltr'><strong>cum</strong></span> <span class='ocrx_word' id='word_1_21' title='bbox 912 605 1021 686; x_wconf 91' lang='lat' dir='ltr'><strong>capella</strong></span> <span class='ocrx_word' id='word_1_22' title='bbox 1034 605 1074 667; x_wconf 91' lang='lat' dir='ltr'><strong>ibi</strong></span> <span class='ocrx_word' id='word_1_23' title='bbox 1087 604 1199 685; x_wconf 88' lang='lat' dir='ltr'><strong>contigua</strong></span> 
     </span>
     <span class='ocr_line' id='line_1_4' title="bbox 139 700 1200 784; baseline -0.008 -16"><span class='ocrx_word' id='word_1_24' title='bbox 139 723 238 770; x_wconf 91' lang='lat' dir='ltr'><strong>vocata</strong></span> <span class='ocrx_word' id='word_1_25' title='bbox 255 707 347 768; x_wconf 85' lang='lat' dir='ltr'><strong>Sancti</strong></span> <span class='ocrx_word' id='word_1_26' title='bbox 366 705 507 767; x_wconf 84' lang='lat' dir='ltr'><strong>Michaelis</strong></span> <span class='ocrx_word' id='word_1_27' title='bbox 520 723 583 766; x_wconf 93' lang='lat' dir='ltr'><strong>cum</strong></span> <span class='ocrx_word' id='word_1_28' title='bbox 598 704 654 765; x_wconf 92' lang='lat' dir='ltr'><strong>suis</strong></span> <span class='ocrx_word' id='word_1_29' title='bbox 667 703 852 784; x_wconf 81' lang='lat' dir='ltr'><strong>pertinentiis,</strong></span> <span class='ocrx_word' id='word_1_30' title='bbox 868 716 896 764; x_wconf 91' lang='lat' dir='ltr'><strong>et</strong></span> <span class='ocrx_word' id='word_1_31' title='bbox 910 723 944 764; x_wconf 86' lang='lat' dir='ltr'><strong>ea</strong></span> <span class='ocrx_word' id='word_1_32' title='bbox 961 722 1017 783; x_wconf 91' lang='lat' dir='ltr'><strong>que</strong></span> <span class='ocrx_word' id='word_1_33' title='bbox 1035 700 1200 764; x_wconf 89' lang='lat' dir='ltr'><strong>habebantet</strong></span> 
     </span>
     <span class='ocr_line' id='line_1_5' title="bbox 138 797 1202 878; baseline -0.008 -12"><span class='ocrx_word' id='word_1_34' title='bbox 138 803 173 865; x_wconf 88' lang='lat' dir='ltr'><strong>ab</strong></span> <span class='ocrx_word' id='word_1_35' title='bbox 187 823 219 866; x_wconf 89' lang='lat' dir='ltr'><strong>ea</strong></span> <span class='ocrx_word' id='word_1_36' title='bbox 234 802 400 865; x_wconf 89' lang='lat' dir='ltr'><strong>tenebantur</strong></span> <span class='ocrx_word' id='word_1_37' title='bbox 415 801 443 862; x_wconf 90' lang='lat' dir='ltr'><strong>in</strong></span> <span class='ocrx_word' id='word_1_38' title='bbox 458 801 598 862; x_wconf 89' lang='lat' dir='ltr'><strong>territorio</strong></span> <span class='ocrx_word' id='word_1_39' title='bbox 613 814 714 862; x_wconf 91' lang='lat' dir='ltr'><strong>vocato</strong></span> <span class='ocrx_word' id='word_1_40' title='bbox 730 800 856 861; x_wconf 86' lang='lat' dir='ltr'><strong>Rossada</strong></span> <span class='ocrx_word' id='word_1_41' title='bbox 873 819 935 861; x_wconf 91' lang='lat' dir='ltr'><strong>cum</strong></span> <span class='ocrx_word' id='word_1_42' title='bbox 953 799 1098 874; x_wconf 89' lang='lat' dir='ltr'><strong>dominiis,</strong></span> <span class='ocrx_word' id='word_1_43' title='bbox 1114 797 1202 878; x_wconf 80' lang='lat' dir='ltr'><strong>juribus</strong></span> 
     </span>
     <span class='ocr_line' id='line_1_6' title="bbox 140 896 1203 980; baseline -0.007 -17"><span class='ocrx_word' id='word_1_44' title='bbox 140 914 169 963; x_wconf 92' lang='lat' dir='ltr'><strong>et</strong></span> <span class='ocrx_word' id='word_1_45' title='bbox 181 901 352 980; x_wconf 85' lang='lat' dir='ltr'><strong>pertinentiis</strong></span> <span class='ocrx_word' id='word_1_46' title='bbox 364 899 431 973; x_wconf 89' lang='lat' dir='ltr'><strong>suis,</strong></span> <span class='ocrx_word' id='word_1_47' title='bbox 445 899 519 978; x_wconf 88' lang='lat' dir='ltr'><strong>quod</strong></span> <span class='ocrx_word' id='word_1_48' title='bbox 536 898 705 960; x_wconf 85' lang='lat' dir='ltr'><strong>territorium</strong></span> <span class='ocrx_word' id='word_1_49' title='bbox 721 912 764 960; x_wconf 88' lang='lat' dir='ltr'><strong>est</strong></span> <span class='ocrx_word' id='word_1_50' title='bbox 776 898 805 959; x_wconf 95' lang='lat' dir='ltr'><strong>in</strong></span> <span class='ocrx_word' id='word_1_51' title='bbox 817 897 889 959; x_wconf 91' lang='lat' dir='ltr'><strong>valle</strong></span> <span class='ocrx_word' id='word_1_52' title='bbox 902 896 1057 973; x_wconf 72' lang='lat' dir='ltr'><strong>aniciensi,</strong></span> <span class='ocrx_word' id='word_1_53' title='bbox 1077 909 1108 958; x_wconf 89' lang='lat' dir='ltr'><strong>et</strong></span> <span class='ocrx_word' id='word_1_54' title='bbox 1119 916 1151 959; x_wconf 91' lang='lat' dir='ltr'><strong>ea</strong></span> <span class='ocrx_word' id='word_1_55' title='bbox 1163 914 1203 978; x_wconf 86' lang='lat' dir='ltr'><strong>que</strong></span> 
     </span>
     <span class='ocr_line' id='line_1_7' title="bbox 139 992 1204 1070; baseline -0.005 -11"><span class='ocrx_word' id='word_1_56' title='bbox 139 996 279 1059; x_wconf 89' lang='lat' dir='ltr'><strong>habebant</strong></span> <span class='ocrx_word' id='word_1_57' title='bbox 291 1011 319 1059; x_wconf 89' lang='lat' dir='ltr'><strong>et</strong></span> <span class='ocrx_word' id='word_1_58' title='bbox 328 996 364 1058; x_wconf 88' lang='lat' dir='ltr'><strong>ab</strong></span> <span class='ocrx_word' id='word_1_59' title='bbox 378 997 418 1058; x_wconf 90' lang='lat' dir='ltr'><strong>eis</strong></span> <span class='ocrx_word' id='word_1_60' title='bbox 427 996 594 1057; x_wconf 91' lang='lat' dir='ltr'><strong>tenebantur</strong></span> <span class='ocrx_word' id='word_1_61' title='bbox 609 995 680 1057; x_wconf 89' lang='lat' dir='ltr'><strong>inlra</strong></span> <span class='ocrx_word' id='word_1_62' title='bbox 695 996 835 1058; x_wconf 88' lang='lat' dir='ltr'><strong>civitatem</strong></span> <span class='ocrx_word' id='word_1_63' title='bbox 852 994 1042 1070; x_wconf 71' lang='lat' dir='ltr'><strong>aniciensem,</strong></span> <span class='ocrx_word' id='word_1_64' title='bbox 1061 1007 1091 1056; x_wconf 91' lang='lat' dir='ltr'><strong>et</strong></span> <span class='ocrx_word' id='word_1_65' title='bbox 1116 992 1204 1056; x_wconf 85' lang='lat' dir='ltr'><strong>benefi-</strong></span> 
     </span>
     <span class='ocr_line' id='line_1_8' title="bbox 139 1090 1204 1176; baseline -0.007 -18"><span class='ocrx_word' id='word_1_66' title='bbox 139 1096 211 1158; x_wconf 90' lang='lat' dir='ltr'><strong>cium</strong></span> <span class='ocrx_word' id='word_1_67' title='bbox 231 1110 259 1158; x_wconf 92' lang='lat' dir='ltr'><strong>et</strong></span> <span class='ocrx_word' id='word_1_68' title='bbox 277 1096 319 1174; x_wconf 82' lang='lat' dir='ltr'><strong>jus</strong></span> <span class='ocrx_word' id='word_1_69' title='bbox 335 1094 410 1176; x_wconf 93' lang='lat' dir='ltr'><strong>quod</strong></span> <span class='ocrx_word' id='word_1_70' title='bbox 431 1093 551 1155; x_wconf 91' lang='lat' dir='ltr'><strong>habebat</strong></span> <span class='ocrx_word' id='word_1_71' title='bbox 568 1094 595 1154; x_wconf 93' lang='lat' dir='ltr'><strong>in</strong></span> <span class='ocrx_word' id='word_1_72' title='bbox 610 1093 735 1173; x_wconf 89' lang='lat' dir='ltr'><strong>predicta</strong></span> <span class='ocrx_word' id='word_1_73' title='bbox 754 1092 871 1154; x_wconf 91' lang='lat' dir='ltr'><strong>ecclesia</strong></span> <span class='ocrx_word' id='word_1_74' title='bbox 884 1110 935 1172; x_wconf 89' lang='lat' dir='ltr'><strong>pro</strong></span> <span class='ocrx_word' id='word_1_75' title='bbox 951 1091 1075 1171; x_wconf 92' lang='lat' dir='ltr'><strong>pecunia</strong></span> <span class='ocrx_word' id='word_1_76' title='bbox 1091 1111 1170 1172; x_wconf 91' lang='lat' dir='ltr'><strong>quam</strong></span> <span class='ocrx_word' id='word_1_77' title='bbox 1185 1090 1204 1150; x_wconf 91' lang='lat' dir='ltr'><strong>in</strong></span> 
     </span>
     <span class='ocr_line' id='line_1_9' title="bbox 140 1187 1205 1277; baseline -0.006 -23"><span class='ocrx_word' id='word_1_78' title='bbox 140 1207 241 1254; x_wconf 86' lang='lat' dir='ltr'><strong>aventu</strong></span> <span class='ocrx_word' id='word_1_79' title='bbox 258 1193 380 1272; x_wconf 89' lang='lat' dir='ltr'><strong>ipsorum</strong></span> <span class='ocrx_word' id='word_1_80' title='bbox 391 1211 474 1271; x_wconf 90' lang='lat' dir='ltr'><strong>supra</strong></span> <span class='ocrx_word' id='word_1_81' title='bbox 484 1191 570 1252; x_wconf 89' lang='lat' dir='ltr'><strong>altare</strong></span> <span class='ocrx_word' id='word_1_82' title='bbox 579 1191 723 1277; x_wconf 70' lang='lat' dir='ltr'><strong>inueniunt</strong></span> <span class='ocrx_word' id='word_1_83' title='bbox 735 1204 762 1251; x_wconf 90' lang='lat' dir='ltr'><strong>et</strong></span> <span class='ocrx_word' id='word_1_84' title='bbox 776 1189 903 1269; x_wconf 92' lang='lat' dir='ltr'><strong>accipere</strong></span> <span class='ocrx_word' id='word_1_85' title='bbox 917 1203 1038 1268; x_wconf 88' lang='lat' dir='ltr'><strong>possunt</strong></span> <span class='ocrx_word' id='word_1_86' title='bbox 1051 1201 1081 1250; x_wconf 90' lang='lat' dir='ltr'><strong>et</strong></span> <span class='ocrx_word' id='word_1_87' title='bbox 1094 1188 1160 1249; x_wconf 90' lang='lat' dir='ltr'><strong>dare</strong></span> <span class='ocrx_word' id='word_1_88' title='bbox 1174 1187 1205 1250; x_wconf 89' lang='lat' dir='ltr'><strong>cui</strong></span> 
     </span>
     <span class='ocr_line' id='line_1_10' title="bbox 141 1273 1206 1366; baseline -0.007 -16"><span class='ocrx_word' id='word_1_89' title='bbox 141 1290 248 1362; x_wconf 91' lang='lat' dir='ltr'><strong>volunt,</strong></span> <span class='ocrx_word' id='word_1_90' title='bbox 262 1303 289 1350; x_wconf 92' lang='lat' dir='ltr'><strong>et</strong></span> <span class='ocrx_word' id='word_1_91' title='bbox 299 1289 385 1350; x_wconf 89' lang='lat' dir='ltr'><strong>eciam</strong></span> <span class='ocrx_word' id='word_1_92' title='bbox 397 1289 425 1349; x_wconf 92' lang='lat' dir='ltr'><strong>in</strong></span> <span class='ocrx_word' id='word_1_93' title='bbox 435 1288 556 1349; x_wconf 89' lang='lat' dir='ltr'><strong>adventu</strong></span> <span class='ocrx_word' id='word_1_94' title='bbox 567 1286 690 1366; x_wconf 91' lang='lat' dir='ltr'><strong>ipsorum</strong></span> <span class='ocrx_word' id='word_1_95' title='bbox 700 1286 785 1366; x_wconf 91' lang='lat' dir='ltr'><strong>recipi</strong></span> <span class='ocrx_word' id='word_1_96' title='bbox 799 1285 903 1346; x_wconf 92' lang='lat' dir='ltr'><strong>debent</strong></span> <span class='ocrx_word' id='word_1_97' title='bbox 913 1273 1162 1364; x_wconf 81' lang='lat' dir='ltr'><strong>processionaliter</strong></span> <span class='ocrx_word' id='word_1_98' title='bbox 1168 1302 1206 1365; x_wconf 86' lang='lat' dir='ltr'><strong>per</strong></span> 
     </span>
     <span class='ocr_line' id='line_1_11' title="bbox 141 1379 1206 1466; baseline -0.004 -20"><span class='ocrx_word' id='word_1_99' title='bbox 141 1379 303 1466; x_wconf 90' lang='lat' dir='ltr'><strong>episcopum</strong></span> <span class='ocrx_word' id='word_1_100' title='bbox 321 1399 349 1446; x_wconf 94' lang='lat' dir='ltr'><strong>et</strong></span> <span class='ocrx_word' id='word_1_101' title='bbox 363 1385 512 1446; x_wconf 91' lang='lat' dir='ltr'><strong>canonicos</strong></span> <span class='ocrx_word' id='word_1_102' title='bbox 537 1385 622 1464; x_wconf 91' lang='lat' dir='ltr'><strong>ipsius</strong></span> <span class='ocrx_word' id='word_1_103' title='bbox 644 1382 773 1460; x_wconf 88' lang='lat' dir='ltr'><strong>ecclesie,</strong></span> <span class='ocrx_word' id='word_1_104' title='bbox 791 1397 819 1444; x_wconf 91' lang='lat' dir='ltr'><strong>et</strong></span> <span class='ocrx_word' id='word_1_105' title='bbox 840 1382 944 1443; x_wconf 93' lang='lat' dir='ltr'><strong>debent</strong></span> <span class='ocrx_word' id='word_1_106' title='bbox 965 1382 1120 1462; x_wconf 88' lang='lat' dir='ltr'><strong>providere</strong></span> <span class='ocrx_word' id='word_1_107' title='bbox 1145 1382 1206 1443; x_wconf 77' lang='lat' dir='ltr'><strong>dun⁰</strong></span> 
     </span>
     <span class='ocr_line' id='line_1_12' title="bbox 141 1479 1207 1562; baseline -0.004 -20"><span class='ocrx_word' id='word_1_108' title='bbox 141 1482 272 1561; x_wconf 77' lang='lat' dir='ltr'><strong>delphino</strong></span> <span class='ocrx_word' id='word_1_109' title='bbox 287 1482 374 1562; x_wconf 90' lang='lat' dir='ltr'><strong>prima</strong></span> <span class='ocrx_word' id='word_1_110' title='bbox 384 1483 428 1544; x_wconf 93' lang='lat' dir='ltr'><strong>die</strong></span> <span class='ocrx_word' id='word_1_111' title='bbox 438 1496 466 1543; x_wconf 93' lang='lat' dir='ltr'><strong>et</strong></span> <span class='ocrx_word' id='word_1_112' title='bbox 483 1482 511 1542; x_wconf 92' lang='lat' dir='ltr'><strong>in</strong></span> <span class='ocrx_word' id='word_1_113' title='bbox 524 1494 606 1543; x_wconf 91' lang='lat' dir='ltr'><strong>nocte</strong></span> <span class='ocrx_word' id='word_1_114' title='bbox 620 1482 647 1542; x_wconf 94' lang='lat' dir='ltr'><strong>in</strong></span> <span class='ocrx_word' id='word_1_115' title='bbox 658 1480 786 1562; x_wconf 86' lang='lat' dir='ltr'><strong>expensis</strong></span> <span class='ocrx_word' id='word_1_116' title='bbox 799 1481 826 1541; x_wconf 92' lang='lat' dir='ltr'><strong>in</strong></span> <span class='ocrx_word' id='word_1_117' title='bbox 840 1479 961 1543; x_wconf 89' lang='lat' dir='ltr'><strong>adventu</strong></span> <span class='ocrx_word' id='word_1_118' title='bbox 983 1492 1050 1554; x_wconf 85' lang='lat' dir='ltr'><strong>suc,</strong></span> <span class='ocrx_word' id='word_1_119' title='bbox 1063 1479 1207 1560; x_wconf 90' lang='lat' dir='ltr'><strong>etamplius</strong></span> 
     </span>
     <span class='ocr_line' id='line_1_13' title="bbox 142 1575 1240 1659; baseline -0.004 -19"><span class='ocrx_word' id='word_1_120' title='bbox 142 1579 254 1640; x_wconf 87' lang='lat' dir='ltr'><strong>feudum</strong></span> <span class='ocrx_word' id='word_1_121' title='bbox 280 1580 314 1640; x_wconf 91' lang='lat' dir='ltr'><strong>de</strong></span> <span class='ocrx_word' id='word_1_122' title='bbox 340 1580 451 1640; x_wconf 86' lang='lat' dir='ltr'><strong>Landuf</strong></span> <span class='ocrx_word' id='word_1_123' title='bbox 474 1579 547 1639; x_wconf 91' lang='lat' dir='ltr'><strong>dicte</strong></span> <span class='ocrx_word' id='word_1_124' title='bbox 563 1578 682 1640; x_wconf 90' lang='lat' dir='ltr'><strong>diocesis</strong></span> <span class='ocrx_word' id='word_1_125' title='bbox 698 1591 726 1639; x_wconf 94' lang='lat' dir='ltr'><strong>et</strong></span> <span class='ocrx_word' id='word_1_126' title='bbox 746 1577 859 1638; x_wconf 90' lang='lat' dir='ltr'><strong>feudum</strong></span> <span class='ocrx_word' id='word_1_127' title='bbox 881 1575 964 1637; x_wconf 92' lang='lat' dir='ltr'><strong>castri</strong></span> <span class='ocrx_word' id='word_1_128' title='bbox 982 1575 1019 1637; x_wconf 91' lang='lat' dir='ltr'><strong>de</strong></span> <span class='ocrx_word' id='word_1_129' title='bbox 1035 1576 1170 1659; x_wconf 86' lang='lat' dir='ltr'><strong>laFayia,</strong></span> <span class='ocrx_word' id='word_1_130' title='bbox 1185 1589 1206 1636; x_wconf 89' lang='lat' dir='ltr'><strong>et</strong></span> <span class='ocrx_word' id='word_1_131' title='bbox 1236 1623 1240 1636; x_wconf 91' lang='lat'><em>.</em></span> 
     </span>
     <span class='ocr_line' id='line_1_14' title="bbox 142 1673 1247 1756; baseline -0.005 -19"><span class='ocrx_word' id='word_1_132' title='bbox 142 1696 193 1755; x_wconf 91' lang='lat' dir='ltr'><strong>pro</strong></span> <span class='ocrx_word' id='word_1_133' title='bbox 205 1676 336 1756; x_wconf 90' lang='lat' dir='ltr'><strong>predictis</strong></span> <span class='ocrx_word' id='word_1_134' title='bbox 364 1677 429 1739; x_wconf 85' lang='lat' dir='ltr'><strong>iecit</strong></span> <span class='ocrx_word' id='word_1_135' title='bbox 449 1676 607 1756; x_wconf 84' lang='lat' dir='ltr'><strong>homagium</strong></span> <span class='ocrx_word' id='word_1_136' title='bbox 622 1675 748 1756; x_wconf 90' lang='lat' dir='ltr'><strong>predicto</strong></span> <span class='ocrx_word' id='word_1_137' title='bbox 777 1675 853 1735; x_wconf 94' lang='lat' dir='ltr'><strong>dom.</strong></span> <span class='ocrx_word' id='word_1_138' title='bbox 881 1673 1016 1754; x_wconf 90' lang='lat' dir='ltr'><strong>episcopo</strong></span> <span class='ocrx_word' id='word_1_139' title='bbox 1032 1673 1126 1736; x_wconf 92' lang='lat' dir='ltr'><strong>dictus</strong></span> <span class='ocrx_word' id='word_1_140' title='bbox 1145 1673 1205 1734; x_wconf 90' lang='lat' dir='ltr'><strong>dom.</strong></span> <span class='ocrx_word' id='word_1_141' title='bbox 1245 1704 1247 1711; x_wconf 47' lang='lat'><strong>⁴</strong></span> 
     </span>
     <span class='ocr_line' id='line_1_15' title="bbox 143 1771 300 1852; baseline 0.006 -19"><span class='ocrx_word' id='word_1_142' title='bbox 143 1771 300 1852; x_wconf 88' lang='lat' dir='ltr'><strong>dalphinus.</strong></span> 
     </span>
    </p>

    <p class='ocr_par' dir='ltr' id='par_1_3' title="bbox 143 1865 1208 2528">
     <span class='ocr_line' id='line_1_16' title="bbox 187 1865 1207 1948; baseline -0.006 -18"><span class='ocrx_word' id='word_1_143' title='bbox 187 1871 251 1947; x_wconf 85' lang='lat'><strong>328.</strong></span> <span class='ocrx_word' id='word_1_144' title='bbox 271 1877 350 1944; x_wconf 89' lang='lat' dir='ltr'><strong>Item,</strong></span> <span class='ocrx_word' id='word_1_145' title='bbox 371 1868 456 1948; x_wconf 93' lang='lat' dir='ltr'><strong>quod.</strong></span> <span class='ocrx_word' id='word_1_146' title='bbox 478 1870 688 1930; x_wconf 88' lang='lat' dir='ltr'><strong>instrumentum</strong></span> <span class='ocrx_word' id='word_1_147' title='bbox 719 1887 767 1930; x_wconf 86' lang='lat' dir='ltr'><strong>seu</strong></span> <span class='ocrx_word' id='word_1_148' title='bbox 782 1867 905 1929; x_wconf 89' lang='lat' dir='ltr'><strong>lieteram</strong></span> <span class='ocrx_word' id='word_1_149' title='bbox 921 1866 994 1928; x_wconf 74' lang='lat' dir='ltr'><strong>dom*</strong></span> <span class='ocrx_word' id='word_1_150' title='bbox 1018 1865 1207 1948; x_wconf 89' lang='lat' dir='ltr'><strong>archiepiscopi</strong></span> 
     </span>
     <span class='ocr_line' id='line_1_17' title="bbox 145 1963 1207 2046; baseline -0.004 -19"><span class='ocrx_word' id='word_1_151' title='bbox 145 1966 347 2046; x_wconf 83' lang='lat' dir='ltr'><strong>Lugdunensis,</strong></span> <span class='ocrx_word' id='word_1_152' title='bbox 376 1965 427 2026; x_wconf 95' lang='lat' dir='ltr'><strong>sub</strong></span> <span class='ocrx_word' id='word_1_153' title='bbox 451 1985 523 2026; x_wconf 93' lang='lat' dir='ltr'><strong>anno</strong></span> <span class='ocrx_word' id='word_1_154' title='bbox 550 1966 602 2026; x_wconf 82' lang='lat' dir='ltr'><strong>Diri</strong></span> <span class='ocrx_word' id='word_1_155' title='bbox 635 1973 675 2025; x_wconf 86' lang='lat' dir='ltr'><strong>M⁰</strong></span> <span class='ocrx_word' id='word_1_156' title='bbox 695 1971 859 2040; x_wconf 65' lang='lat' dir='ltr'><strong>rtcxxvlu,</strong></span> <span class='ocrx_word' id='word_1_157' title='bbox 883 1963 1031 2026; x_wconf 90' lang='lat' dir='ltr'><strong>continens</strong></span> <span class='ocrx_word' id='word_1_158' title='bbox 1054 1964 1132 2044; x_wconf 87' lang='lat' dir='ltr'><strong>quod</strong></span> <span class='ocrx_word' id='word_1_159' title='bbox 1149 1963 1207 2024; x_wconf 85' lang='lat' dir='ltr'><strong>dicto</strong></span> 
     </span>
     <span class='ocr_line' id='line_1_18' title="bbox 144 2060 1208 2143; baseline -0.006 -19"><span class='ocrx_word' id='word_1_160' title='bbox 144 2063 352 2143; x_wconf 91' lang='lat' dir='ltr'><strong>archiepiscopo</strong></span> <span class='ocrx_word' id='word_1_161' title='bbox 361 2075 498 2123; x_wconf 89' lang='lat' dir='ltr'><strong>tractante</strong></span> <span class='ocrx_word' id='word_1_162' title='bbox 509 2081 605 2142; x_wconf 90' lang='lat' dir='ltr'><strong>pacem</strong></span> <span class='ocrx_word' id='word_1_163' title='bbox 620 2062 692 2123; x_wconf 90' lang='lat' dir='ltr'><strong>inter</strong></span> <span class='ocrx_word' id='word_1_164' title='bbox 703 2061 874 2123; x_wconf 81' lang='lat' dir='ltr'><strong>Arthaudum</strong></span> <span class='ocrx_word' id='word_1_165' title='bbox 900 2060 935 2122; x_wconf 91' lang='lat' dir='ltr'><strong>de</strong></span> <span class='ocrx_word' id='word_1_166' title='bbox 954 2061 1096 2122; x_wconf 86' lang='lat' dir='ltr'><strong>Rossillon</strong></span> <span class='ocrx_word' id='word_1_167' title='bbox 1124 2076 1151 2122; x_wconf 92' lang='lat' dir='ltr'><strong>et</strong></span> <span class='ocrx_word' id='word_1_168' title='bbox 1164 2061 1208 2139; x_wconf 89' lang='lat' dir='ltr'><strong>ejus</strong></span> 
     </span>
     <span class='ocr_line' id='line_1_19' title="bbox 144 2157 1206 2237; baseline -0.003 -18"><span class='ocrx_word' id='word_1_169' title='bbox 144 2158 227 2220; x_wconf 84' lang='lat' dir='ltr'><strong>filium</strong></span> <span class='ocrx_word' id='word_1_170' title='bbox 238 2159 273 2219; x_wconf 91' lang='lat' dir='ltr'><strong>ab</strong></span> <span class='ocrx_word' id='word_1_171' title='bbox 291 2179 344 2219; x_wconf 92' lang='lat' dir='ltr'><strong>una</strong></span> <span class='ocrx_word' id='word_1_172' title='bbox 359 2172 438 2237; x_wconf 90' lang='lat' dir='ltr'><strong>parte</strong></span> <span class='ocrx_word' id='word_1_173' title='bbox 447 2172 475 2219; x_wconf 90' lang='lat' dir='ltr'><strong>et</strong></span> <span class='ocrx_word' id='word_1_174' title='bbox 489 2158 635 2219; x_wconf 89' lang='lat' dir='ltr'><strong>Girardum</strong></span> <span class='ocrx_word' id='word_1_175' title='bbox 650 2160 768 2221; x_wconf 93' lang='lat' dir='ltr'><strong>condam</strong></span> <span class='ocrx_word' id='word_1_176' title='bbox 778 2158 863 2219; x_wconf 84' lang='lat' dir='ltr'><strong>hlium</strong></span> <span class='ocrx_word' id='word_1_177' title='bbox 879 2157 1021 2219; x_wconf 85' lang='lat' dir='ltr'><strong>Ponciide</strong></span> <span class='ocrx_word' id='word_1_178' title='bbox 1031 2159 1170 2220; x_wconf 86' lang='lat' dir='ltr'><strong>Rossillon</strong></span> <span class='ocrx_word' id='word_1_179' title='bbox 1182 2175 1206 2217; x_wconf 86' lang='lat' dir='ltr'><strong>er</strong></span> 
     </span>
     <span class='ocr_line' id='line_1_20' title="bbox 144 2250 1208 2336; baseline -0.001 -21"><span class='ocrx_word' id='word_1_180' title='bbox 144 2256 240 2329; x_wconf 90' lang='lat' dir='ltr'><strong>altera,</strong></span> <span class='ocrx_word' id='word_1_181' title='bbox 252 2255 328 2316; x_wconf 91' lang='lat' dir='ltr'><strong>dom.</strong></span> <span class='ocrx_word' id='word_1_182' title='bbox 343 2253 489 2333; x_wconf 84' lang='lat' dir='ltr'><strong>delphinus</strong></span> <span class='ocrx_word' id='word_1_183' title='bbox 499 2250 562 2315; x_wconf 90' lang='lat' dir='ltr'><strong>ibi</strong></span> <span class='ocrx_word' id='word_1_184' title='bbox 547 2255 668 2316; x_wconf 85' lang='lat' dir='ltr'><strong>existens</strong></span> <span class='ocrx_word' id='word_1_185' title='bbox 679 2256 729 2316; x_wconf 88' lang='lat' dir='ltr'><strong>luit</strong></span> <span class='ocrx_word' id='word_1_186' title='bbox 744 2268 914 2336; x_wconf 89' lang='lat' dir='ltr'><strong>protestatus</strong></span> <span class='ocrx_word' id='word_1_187' title='bbox 924 2254 978 2316; x_wconf 90' lang='lat' dir='ltr'><strong>de</strong></span> <span class='ocrx_word' id='word_1_188' title='bbox 972 2273 1033 2332; x_wconf 71' lang='lat' dir='ltr'><strong>pure</strong></span> <span class='ocrx_word' id='word_1_189' title='bbox 1048 2255 1127 2334; x_wconf 91' lang='lat' dir='ltr'><strong>quod</strong></span> <span class='ocrx_word' id='word_1_190' title='bbox 1139 2253 1208 2315; x_wconf 74' lang='lat' dir='ltr'><strong>habe</strong></span> 
     </span>
     <span class='ocr_line' id='line_1_21' title="bbox 143 2350 1208 2459; baseline -0.004 -47"><span class='ocrx_word' id='word_1_191' title='bbox 143 2351 210 2412; x_wconf 92' lang='lat' dir='ltr'><strong>bat</strong></span> <span class='ocrx_word' id='word_1_192' title='bbox 204 2371 232 2413; x_wconf 93' lang='lat' dir='ltr'><strong>m</strong></span> <span class='ocrx_word' id='word_1_193' title='bbox 248 2350 385 2413; x_wconf 88' lang='lat' dir='ltr'><strong>Rossillon</strong></span> <span class='ocrx_word' id='word_1_194' title='bbox 398 2364 427 2412; x_wconf 93' lang='lat' dir='ltr'><strong>et</strong></span> <span class='ocrx_word' id='word_1_195' title='bbox 440 2351 515 2430; x_wconf 88' lang='lat' dir='ltr'><strong>quod</strong></span> <span class='ocrx_word' id='word_1_196' title='bbox 540 2351 652 2414; x_wconf 90' lang='lat' dir='ltr'><strong>nolebat</strong></span> <span class='ocrx_word' id='word_1_197' title='bbox 666 2352 741 2433; x_wconf 89' lang='lat' dir='ltr'><strong>quod</strong></span> <span class='ocrx_word' id='word_1_198' title='bbox 756 2372 789 2414; x_wconf 92' lang='lat' dir='ltr'><strong>ea</strong></span> <span class='ocrx_word' id='word_1_199' title='bbox 803 2371 857 2433; x_wconf 91' lang='lat' dir='ltr'><strong>que</strong></span> <span class='ocrx_word' id='word_1_200' title='bbox 882 2351 1077 2459; x_wconf 83' lang='lat' dir='ltr'><strong>tractabantur</strong></span> <span class='ocrx_word' id='word_1_201' title='bbox 1091 2352 1208 2414; x_wconf 86' lang='lat' dir='ltr'><strong>cederent</strong></span> 
     </span>
     <span class='ocr_line' id='line_1_22' title="bbox 144 2447 456 2528; baseline -0.003 -20"><span class='ocrx_word' id='word_1_202' title='bbox 144 2449 171 2509; x_wconf 93' lang='lat' dir='ltr'><strong>in</strong></span> <span class='ocrx_word' id='word_1_203' title='bbox 189 2448 248 2526; x_wconf 88' lang='lat' dir='ltr'><strong>ejus</strong></span> <span class='ocrx_word' id='word_1_204' title='bbox 264 2447 456 2528; x_wconf 85' lang='lat' dir='ltr'><strong>prejudicium.</strong></span> 
     </span>
    </p>

    <p class='ocr_par' dir='ltr' id='par_1_4' title="bbox 145 2543 1210 3014">
     <span class='ocr_line' id='line_1_23' title="bbox 188 2543 1207 2629; baseline -0.005 -21"><span class='ocrx_word' id='word_1_205' title='bbox 188 2565 252 2627; x_wconf 84' lang='lat'><em>329.</em></span> <span class='ocrx_word' id='word_1_206' title='bbox 274 2554 352 2621; x_wconf 91' lang='lat' dir='ltr'><strong>ltem,</strong></span> <span class='ocrx_word' id='word_1_207' title='bbox 369 2545 473 2625; x_wconf 93' lang='lat' dir='ltr'><strong>quand.</strong></span> <span class='ocrx_word' id='word_1_208' title='bbox 499 2545 578 2606; x_wconf 91' lang='lat' dir='ltr'><strong>aliam</strong></span> <span class='ocrx_word' id='word_1_209' title='bbox 595 2546 717 2608; x_wconf 88' lang='lat' dir='ltr'><strong>lieteram</strong></span> <span class='ocrx_word' id='word_1_210' title='bbox 732 2545 852 2629; x_wconf 79' lang='lat' dir='ltr'><strong>hymarii</strong></span> <span class='ocrx_word' id='word_1_211' title='bbox 874 2544 920 2606; x_wconf 87' lang='lat' dir='ltr'><strong>filii</strong></span> <span class='ocrx_word' id='word_1_212' title='bbox 945 2545 1057 2607; x_wconf 90' lang='lat' dir='ltr'><strong>comitis</strong></span> <span class='ocrx_word' id='word_1_213' title='bbox 1074 2543 1207 2615; x_wconf 84' lang='lat' dir='ltr'><strong>Valentini,</strong></span> 
     </span>
     <span class='ocr_line' id='line_1_24' title="bbox 145 2643 1209 2725; baseline -0.006 -19"><span class='ocrx_word' id='word_1_214' title='bbox 145 2645 203 2722; x_wconf 90' lang='lat' dir='ltr'><strong>ejus</strong></span> <span class='ocrx_word' id='word_1_215' title='bbox 223 2645 342 2725; x_wconf 87' lang='lat' dir='ltr'><strong>sigillo</strong></span> <span class='ocrx_word' id='word_1_216' title='bbox 335 2664 363 2704; x_wconf 92' lang='lat' dir='ltr'><strong>m</strong></span> <span class='ocrx_word' id='word_1_217' title='bbox 390 2643 522 2724; x_wconf 91' lang='lat' dir='ltr'><strong>pendenti</strong></span> <span class='ocrx_word' id='word_1_218' title='bbox 537 2644 693 2724; x_wconf 87' lang='lat' dir='ltr'><strong>sigillatam,</strong></span> <span class='ocrx_word' id='word_1_219' title='bbox 722 2644 774 2705; x_wconf 94' lang='lat' dir='ltr'><strong>sub</strong></span> <span class='ocrx_word' id='word_1_220' title='bbox 790 2663 864 2706; x_wconf 91' lang='lat' dir='ltr'><strong>anno</strong></span> <span class='ocrx_word' id='word_1_221' title='bbox 887 2643 941 2705; x_wconf 87' lang='lat' dir='ltr'><strong>Dni</strong></span> <span class='ocrx_word' id='word_1_222' title='bbox 964 2651 1005 2703; x_wconf 84' lang='lat' dir='ltr'><strong>M⁰</strong></span> <span class='ocrx_word' id='word_1_223' title='bbox 1007 2650 1149 2718; x_wconf 58' lang='lat' dir='ltr'><strong>IICXLV0,</strong></span> <span class='ocrx_word' id='word_1_224' title='bbox 1171 2653 1209 2704; x_wconf 81' lang='lat' dir='ltr'><strong>uu</strong></span> 
     </span>
     <span class='ocr_line' id='line_1_25' title="bbox 145 2739 1210 2821; baseline -0.004 -20"><span class='ocrx_word' id='word_1_225' title='bbox 145 2741 257 2802; x_wconf 88' lang='lat' dir='ltr'><strong>kalend.</strong></span> <span class='ocrx_word' id='word_1_226' title='bbox 276 2740 408 2815; x_wconf 91' lang='lat' dir='ltr'><strong>octobris,</strong></span> <span class='ocrx_word' id='word_1_227' title='bbox 420 2741 606 2801; x_wconf 92' lang='lat' dir='ltr'><strong>continentem</strong></span> <span class='ocrx_word' id='word_1_228' title='bbox 623 2739 698 2821; x_wconf 91' lang='lat' dir='ltr'><strong>quud</strong></span> <span class='ocrx_word' id='word_1_229' title='bbox 713 2740 802 2802; x_wconf 89' lang='lat' dir='ltr'><strong>dictus</strong></span> <span class='ocrx_word' id='word_1_230' title='bbox 816 2747 952 2821; x_wconf 83' lang='lat' dir='ltr'><strong>hymarus</strong></span> <span class='ocrx_word' id='word_1_231' title='bbox 967 2740 1099 2819; x_wconf 89' lang='lat' dir='ltr'><strong>promisit</strong></span> <span class='ocrx_word' id='word_1_232' title='bbox 1110 2754 1139 2802; x_wconf 92' lang='lat' dir='ltr'><strong>et</strong></span> <span class='ocrx_word' id='word_1_233' title='bbox 1155 2740 1210 2818; x_wconf 86' lang='lat' dir='ltr'><strong>jura·</strong></span> 
     </span>
     <span class='ocr_line' id='line_1_26' title="bbox 145 2833 1209 2918; baseline -0.005 -21"><span class='ocrx_word' id='word_1_234' title='bbox 145 2838 185 2899; x_wconf 91' lang='lat' dir='ltr'><strong>vit</strong></span> <span class='ocrx_word' id='word_1_235' title='bbox 201 2856 284 2917; x_wconf 92' lang='lat' dir='ltr'><strong>supra</strong></span> <span class='ocrx_word' id='word_1_236' title='bbox 299 2850 393 2898; x_wconf 90' lang='lat' dir='ltr'><strong>sancta</strong></span> <span class='ocrx_word' id='word_1_237' title='bbox 407 2836 457 2897; x_wconf 89' lang='lat' dir='ltr'><strong>Dei</strong></span> <span class='ocrx_word' id='word_1_238' title='bbox 471 2837 620 2917; x_wconf 86' lang='lat' dir='ltr'><strong>Evangelia</strong></span> <span class='ocrx_word' id='word_1_239' title='bbox 636 2837 732 2915; x_wconf 82' lang='lat' dir='ltr'><strong>juvare</strong></span> <span class='ocrx_word' id='word_1_240' title='bbox 748 2837 825 2898; x_wconf 90' lang='lat' dir='ltr'><strong>dom.</strong></span> <span class='ocrx_word' id='word_1_241' title='bbox 839 2837 994 2917; x_wconf 87' lang='lat' dir='ltr'><strong>Guigonem</strong></span> <span class='ocrx_word' id='word_1_242' title='bbox 1012 2837 1173 2918; x_wconf 90' lang='lat' dir='ltr'><strong>dalphinum</strong></span> <span class='ocrx_word' id='word_1_243' title='bbox 1184 2833 1209 2893; x_wconf 89' lang='lat' dir='ltr'><strong>de</strong></span> 
     </span>
     <span class='ocr_line' id='line_1_27' title="bbox 146 2928 1209 3014; baseline -0.005 -20"><span class='ocrx_word' id='word_1_244' title='bbox 146 2953 195 2994; x_wconf 90' lang='lat' dir='ltr'><strong>sua</strong></span> <span class='ocrx_word' id='word_1_245' title='bbox 213 2953 312 3013; x_wconf 86' lang='lat' dir='ltr'><strong>guerra</strong></span> <span class='ocrx_word' id='word_1_246' title='bbox 327 2946 424 2994; x_wconf 88' lang='lat' dir='ltr'><strong>contra</strong></span> <span class='ocrx_word' id='word_1_247' title='bbox 440 2952 536 2995; x_wconf 89' lang='lat' dir='ltr'><strong>omnes</strong></span> <span class='ocrx_word' id='word_1_248' title='bbox 545 2933 682 3008; x_wconf 90' lang='lat' dir='ltr'><strong>homines,</strong></span> <span class='ocrx_word' id='word_1_249' title='bbox 694 2934 769 3014; x_wconf 95' lang='lat' dir='ltr'><strong>quod</strong></span> <span class='ocrx_word' id='word_1_250' title='bbox 784 2934 835 2994; x_wconf 90' lang='lat' dir='ltr'><strong>nisi</strong></span> <span class='ocrx_word' id='word_1_251' title='bbox 846 2934 951 2995; x_wconf 87' lang='lat' dir='ltr'><strong>laceret</strong></span> <span class='ocrx_word' id='word_1_252' title='bbox 961 2935 1140 2996; x_wconf 85' lang='lat' dir='ltr'><strong>concedebat</strong></span> <span class='ocrx_word' id='word_1_253' title='bbox 1151 2928 1209 3014; x_wconf 89' lang='lat' dir='ltr'><strong>quod</strong></span> 
     </span>
    </p>
   </div>
   <div class='ocr_carea' id='block_1_3' title="bbox 52 3027 1183 3111">
    <p class='ocr_par' dir='ltr' id='par_1_5' title="bbox 52 3027 1183 3111">
     <span class='ocr_line' id='line_1_28' title="bbox 52 3027 1183 3111; baseline -0.001 -19"><span class='ocrx_word' id='word_1_254' title='bbox 52 3027 57 3033; x_wconf 50' lang='lat'><strong>⁴</strong></span> <span class='ocrx_word' id='word_1_255' title='bbox 146 3031 238 3092; x_wconf 88' lang='lat' dir='ltr'><strong>omnia</strong></span> <span class='ocrx_word' id='word_1_256' title='bbox 252 3030 334 3092; x_wconf 87' lang='lat' dir='ltr'><strong>feuda</strong></span> <span class='ocrx_word' id='word_1_257' title='bbox 351 3050 404 3110; x_wconf 91' lang='lat' dir='ltr'><strong>que</strong></span> <span class='ocrx_word' id='word_1_258' title='bbox 417 3030 530 3091; x_wconf 90' lang='lat' dir='ltr'><strong>tenebat</strong></span> <span class='ocrx_word' id='word_1_259' title='bbox 544 3030 579 3091; x_wconf 90' lang='lat' dir='ltr'><strong>ab</strong></span> <span class='ocrx_word' id='word_1_260' title='bbox 595 3031 783 3092; x_wconf 91' lang='lat' dir='ltr'><strong>eodemdom.</strong></span> <span class='ocrx_word' id='word_1_261' title='bbox 803 3031 934 3111; x_wconf 89' lang='lat' dir='ltr'><strong>dalphino</strong></span> <span class='ocrx_word' id='word_1_262' title='bbox 951 3045 1048 3093; x_wconf 90' lang='lat' dir='ltr'><strong>essent</strong></span> <span class='ocrx_word' id='word_1_263' title='bbox 1060 3032 1183 3094; x_wconf 87' lang='lat' dir='ltr'><strong>comissa.</strong></span> 
     </span>
    </p>
   </div>
   <div class='ocr_carea' id='block_1_4' title="bbox 146 3122 1226 3992">
    <p class='ocr_par' dir='ltr' id='par_1_6' title="bbox 147 3122 1211 3500">
     <span class='ocr_line' id='line_1_29' title="bbox 190 3122 1209 3209; baseline -0.006 -20"><span class='ocrx_word' id='word_1_264' title='bbox 190 3147 256 3208; x_wconf 83' lang='lat'>330.</span> <span class='ocrx_word' id='word_1_265' title='bbox 271 3135 350 3202; x_wconf 85' lang='lat' dir='ltr'><strong>Item,</strong></span> <span class='ocrx_word' id='word_1_266' title='bbox 363 3127 447 3207; x_wconf 92' lang='lat' dir='ltr'><strong>qued.</strong></span> <span class='ocrx_word' id='word_1_267' title='bbox 466 3127 556 3189; x_wconf 90' lang='lat' dir='ltr'><strong>littera</strong></span> <span class='ocrx_word' id='word_1_268' title='bbox 569 3128 597 3187; x_wconf 95' lang='lat' dir='ltr'><strong>in</strong></span> <span class='ocrx_word' id='word_1_269' title='bbox 612 3128 742 3207; x_wconf 91' lang='lat' dir='ltr'><strong>pendenti</strong></span> <span class='ocrx_word' id='word_1_270' title='bbox 757 3127 885 3208; x_wconf 88' lang='lat' dir='ltr'><strong>sigillata,</strong></span> <span class='ocrx_word' id='word_1_271' title='bbox 902 3129 1004 3209; x_wconf 89' lang='lat' dir='ltr'><strong>scripta</strong></span> <span class='ocrx_word' id='word_1_272' title='bbox 1015 3130 1069 3191; x_wconf 93' lang='lat' dir='ltr'><strong>sub</strong></span> <span class='ocrx_word' id='word_1_273' title='bbox 1083 3149 1156 3190; x_wconf 93' lang='lat' dir='ltr'><strong>anno</strong></span> <span class='ocrx_word' id='word_1_274' title='bbox 1171 3122 1209 3188; x_wconf 85' lang='lat' dir='ltr'><strong>nni</strong></span> 
     </span>
     <span class='ocr_line' id='line_1_30' title="bbox 148 3223 1210 3308; baseline -0.006 -20"><span class='ocrx_word' id='word_1_275' title='bbox 148 3229 230 3288; x_wconf 81' lang='lat' dir='ltr'><strong>lll⁰llc</strong></span> <span class='ocrx_word' id='word_1_276' title='bbox 245 3235 340 3306; x_wconf 87' lang='lat' dir='ltr'><strong>octag⁰</strong></span> <span class='ocrx_word' id='word_1_277' title='bbox 351 3233 424 3301; x_wconf 90' lang='lat' dir='ltr'><strong>Vll⁰,</strong></span> <span class='ocrx_word' id='word_1_278' title='bbox 433 3225 460 3286; x_wconf 95' lang='lat' dir='ltr'><strong>in</strong></span> <span class='ocrx_word' id='word_1_279' title='bbox 469 3224 561 3305; x_wconf 87' lang='lat' dir='ltr'><strong>vigilia</strong></span> <span class='ocrx_word' id='word_1_280' title='bbox 574 3225 730 3287; x_wconf 87' lang='lat' dir='ltr'><strong>Nativitatis</strong></span> <span class='ocrx_word' id='word_1_281' title='bbox 747 3224 868 3301; x_wconf 88' lang='lat' dir='ltr'><strong>Domini,</strong></span> <span class='ocrx_word' id='word_1_282' title='bbox 880 3226 1027 3288; x_wconf 90' lang='lat' dir='ltr'><strong>continens</strong></span> <span class='ocrx_word' id='word_1_283' title='bbox 1037 3228 1114 3308; x_wconf 90' lang='lat' dir='ltr'><strong>quod</strong></span> <span class='ocrx_word' id='word_1_284' title='bbox 1132 3223 1210 3288; x_wconf 89' lang='lat' dir='ltr'><strong>Drodo</strong></span> 
     </span>
     <span class='ocr_line' id='line_1_31' title="bbox 147 3317 1211 3403; baseline -0.005 -18"><span class='ocrx_word' id='word_1_285' title='bbox 147 3324 275 3397; x_wconf 88' lang='lat' dir='ltr'><strong>dominus</strong></span> <span class='ocrx_word' id='word_1_286' title='bbox 291 3323 327 3384; x_wconf 93' lang='lat' dir='ltr'><strong>de</strong></span> <span class='ocrx_word' id='word_1_287' title='bbox 345 3322 422 3383; x_wconf 89' lang='lat' dir='ltr'><strong>Bello</strong></span> <span class='ocrx_word' id='word_1_288' title='bbox 445 3321 546 3383; x_wconf 88' lang='lat' dir='ltr'><strong>Videre</strong></span> <span class='ocrx_word' id='word_1_289' title='bbox 562 3322 711 3383; x_wconf 90' lang='lat' dir='ltr'><strong>mandabat</strong></span> <span class='ocrx_word' id='word_1_290' title='bbox 733 3322 890 3384; x_wconf 89' lang='lat' dir='ltr'><strong>hominibus</strong></span> <span class='ocrx_word' id='word_1_291' title='bbox 918 3343 989 3403; x_wconf 93' lang='lat' dir='ltr'><strong>quos</strong></span> <span class='ocrx_word' id='word_1_292' title='bbox 1003 3322 1129 3385; x_wconf 84' lang='lat' dir='ltr'><strong>habebat</strong></span> <span class='ocrx_word' id='word_1_293' title='bbox 1153 3317 1211 3402; x_wconf 90' lang='lat' dir='ltr'><strong>apud</strong></span> 
     </span>
     <span class='ocr_line' id='line_1_32' title="bbox 148 3418 1071 3500; baseline -0.002 -16"><span class='ocrx_word' id='word_1_294' title='bbox 148 3418 303 3496; x_wconf 89' lang='lat' dir='ltr'><strong>Cabiolum,</strong></span> <span class='ocrx_word' id='word_1_295' title='bbox 320 3433 350 3482; x_wconf 91' lang='lat' dir='ltr'><strong>ut</strong></span> <span class='ocrx_word' id='word_1_296' title='bbox 364 3420 487 3481; x_wconf 90' lang='lat' dir='ltr'><strong>acerent</strong></span> <span class='ocrx_word' id='word_1_297' title='bbox 497 3419 654 3499; x_wconf 81' lang='lat' dir='ltr'><strong>homagium</strong></span> <span class='ocrx_word' id='word_1_298' title='bbox 666 3419 743 3480; x_wconf 92' lang='lat' dir='ltr'><strong>dom</strong></span> <span class='ocrx_word' id='word_1_299' title='bbox 756 3421 910 3482; x_wconf 89' lang='lat' dir='ltr'><strong>Humberto</strong></span> <span class='ocrx_word' id='word_1_300' title='bbox 926 3420 1071 3500; x_wconf 89' lang='lat' dir='ltr'><strong>dalphin0.</strong></span> 
     </span>
    </p>

    <p class='ocr_par' dir='ltr' id='par_1_7' title="bbox 146 3511 1226 3992">
     <span class='ocr_line' id='line_1_33' title="bbox 190 3511 1215 3624; baseline -0.009 -44"><span class='ocrx_word' id='word_1_301' title='bbox 190 3538 256 3597; x_wconf 84' lang='lat'><strong>331·</strong></span> <span class='ocrx_word' id='word_1_302' title='bbox 276 3524 355 3593; x_wconf 91' lang='lat' dir='ltr'><strong>ltem,</strong></span> <span class='ocrx_word' id='word_1_303' title='bbox 379 3537 462 3578; x_wconf 93' lang='lat' dir='ltr'><strong>unum</strong></span> <span class='ocrx_word' id='word_1_304' title='bbox 478 3515 597 3577; x_wconf 89' lang='lat' dir='ltr'><strong>vidimus</strong></span> <span class='ocrx_word' id='word_1_305' title='bbox 607 3516 749 3595; x_wconf 86' lang='lat' dir='ltr'><strong>cujusdam</strong></span> <span class='ocrx_word' id='word_1_306' title='bbox 765 3517 854 3579; x_wconf 88' lang='lat' dir='ltr'><strong>littere</strong></span> <span class='ocrx_word' id='word_1_307' title='bbox 869 3517 941 3579; x_wconf 84' lang='lat' dir='ltr'><strong>dom¹</strong></span> <span class='ocrx_word' id='word_1_308' title='bbox 952 3517 1090 3596; x_wconf 88' lang='lat' dir='ltr'><strong>Guigonis</strong></span> <span class='ocrx_word' id='word_1_309' title='bbox 1105 3511 1215 3624; x_wconf 82' lang='lat' dir='ltr'><strong>dalphini</strong></span> 
     </span>
     <span class='ocr_line' id='line_1_34' title="bbox 147 3611 1218 3693; baseline -0.004 -17"><span class='ocrx_word' id='word_1_310' title='bbox 147 3617 249 3677; x_wconf 86' lang='lat' dir='ltr'><strong>lactum</strong></span> <span class='ocrx_word' id='word_1_311' title='bbox 283 3615 414 3676; x_wconf 91' lang='lat' dir='ltr'><strong>mandato</strong></span> <span class='ocrx_word' id='word_1_312' title='bbox 445 3611 568 3674; x_wconf 81' lang='lat' dir='ltr'><strong>officialis</strong></span> <span class='ocrx_word' id='word_1_313' title='bbox 598 3613 847 3693; x_wconf 82' lang='lat' dir='ltr'><strong>Gracionopolis1,</strong></span> <span class='ocrx_word' id='word_1_314' title='bbox 880 3613 1026 3674; x_wconf 90' lang='lat' dir='ltr'><strong>continens</strong></span> <span class='ocrx_word' id='word_1_315' title='bbox 1057 3615 1135 3693; x_wconf 87' lang='lat' dir='ltr'><strong>quod</strong></span> <span class='ocrx_word' id='word_1_316' title='bbox 1155 3612 1218 3674; x_wconf 83' lang='lat' dir='ltr'><strong>exis-</strong></span> 
     </span>
     <span class='ocr_line' id='line_1_35' title="bbox 146 3712 1221 3796; baseline -0.005 -20"><span class='ocrx_word' id='word_1_317' title='bbox 146 3729 221 3777; x_wconf 90' lang='lat' dir='ltr'><strong>tente</strong></span> <span class='ocrx_word' id='word_1_318' title='bbox 235 3715 312 3776; x_wconf 89' lang='lat' dir='ltr'><strong>d0m⁰</strong></span> <span class='ocrx_word' id='word_1_319' title='bbox 327 3715 449 3796; x_wconf 89' lang='lat' dir='ltr'><strong>Sylvone</strong></span> <span class='ocrx_word' id='word_1_320' title='bbox 479 3712 514 3774; x_wconf 91' lang='lat' dir='ltr'><strong>de</strong></span> <span class='ocrx_word' id='word_1_321' title='bbox 538 3714 683 3795; x_wconf 85' lang='lat' dir='ltr'><strong>Clayriaco</strong></span> <span class='ocrx_word' id='word_1_322' title='bbox 701 3713 729 3774; x_wconf 93' lang='lat' dir='ltr'><strong>in</strong></span> <span class='ocrx_word' id='word_1_323' title='bbox 756 3732 879 3786; x_wconf 87' lang='lat' dir='ltr'><strong>carcere,</strong></span> <span class='ocrx_word' id='word_1_324' title='bbox 896 3712 968 3774; x_wconf 86' lang='lat' dir='ltr'><strong>idem</strong></span> <span class='ocrx_word' id='word_1_325' title='bbox 984 3712 1062 3785; x_wconf 91' lang='lat' dir='ltr'><strong>dom.</strong></span> <span class='ocrx_word' id='word_1_326' title='bbox 1079 3713 1221 3794; x_wconf 79' lang='lat' dir='ltr'><strong>delphinus</strong></span> 
     </span>
     <span class='ocr_line' id='line_1_36' title="bbox 147 3809 1222 3891; baseline -0.002 -18"><span class='ocrx_word' id='word_1_327' title='bbox 147 3811 272 3874; x_wconf 91' lang='lat' dir='ltr'><strong>comissit</strong></span> <span class='ocrx_word' id='word_1_328' title='bbox 286 3811 439 3872; x_wconf 89' lang='lat' dir='ltr'><strong>custodiam</strong></span> <span class='ocrx_word' id='word_1_329' title='bbox 457 3809 539 3871; x_wconf 88' lang='lat' dir='ltr'><strong>castri</strong></span> <span class='ocrx_word' id='word_1_330' title='bbox 554 3811 658 3891; x_wconf 85' lang='lat' dir='ltr'><strong>Ruppis</strong></span> <span class='ocrx_word' id='word_1_331' title='bbox 673 3810 708 3871; x_wconf 93' lang='lat' dir='ltr'><strong>de</strong></span> <span class='ocrx_word' id='word_1_332' title='bbox 731 3812 819 3891; x_wconf 91' lang='lat' dir='ltr'><strong>Cluey</strong></span> <span class='ocrx_word' id='word_1_333' title='bbox 841 3809 986 3870; x_wconf 84' lang='lat' dir='ltr'><strong>Guillelmo</strong></span> <span class='ocrx_word' id='word_1_334' title='bbox 1008 3809 1045 3871; x_wconf 89' lang='lat' dir='ltr'><strong>de</strong></span> <span class='ocrx_word' id='word_1_335' title='bbox 1068 3813 1222 3884; x_wconf 86' lang='lat' dir='ltr'><strong>Rossilone,</strong></span> 
     </span>
     <span class='ocr_line' id='line_1_37' title="bbox 148 3906 1226 3992; baseline -0.002 -22"><span class='ocrx_word' id='word_1_336' title='bbox 148 3910 194 3992; x_wconf 92' lang='lat' dir='ltr'><strong>qui</strong></span> <span class='ocrx_word' id='word_1_337' title='bbox 208 3909 333 3990; x_wconf 92' lang='lat' dir='ltr'><strong>promisit</strong></span> <span class='ocrx_word' id='word_1_338' title='bbox 343 3909 432 3970; x_wconf 91' lang='lat' dir='ltr'><strong>eidem</strong></span> <span class='ocrx_word' id='word_1_339' title='bbox 444 3908 520 3968; x_wconf 94' lang='lat' dir='ltr'><strong>dom.</strong></span> <span class='ocrx_word' id='word_1_340' title='bbox 540 3908 670 3988; x_wconf 91' lang='lat' dir='ltr'><strong>dalphino</strong></span> <span class='ocrx_word' id='word_1_341' title='bbox 685 3908 776 3987; x_wconf 92' lang='lat' dir='ltr'><strong>ipsum</strong></span> <span class='ocrx_word' id='word_1_342' title='bbox 804 3919 924 3967; x_wconf 89' lang='lat' dir='ltr'><strong>castrum</strong></span> <span class='ocrx_word' id='word_1_343' title='bbox 941 3906 993 3985; x_wconf 93' lang='lat' dir='ltr'><strong>ipsi</strong></span> <span class='ocrx_word' id='word_1_344' title='bbox 1007 3907 1086 3968; x_wconf 89' lang='lat' dir='ltr'><strong>dom.</strong></span> <span class='ocrx_word' id='word_1_345' title='bbox 1117 3908 1226 3992; x_wconf 83' lang='lat' dir='ltr'><strong>Sylvoni</strong></span> 
     </span>
    </p>
   </div>
   <div class='ocr_carea' id='block_1_5' title="bbox 190 4110 448 4168">
    <p class='ocr_par' dir='ltr' id='par_1_8' title="bbox 190 4110 448 4168">
     <span class='ocr_line' id='line_1_38' title="bbox 190 4110 448 4168; baseline -0.008 -2"><span class='ocrx_word' id='word_1_346' title='bbox 190 4131 210 4168; x_wconf 90' lang='lat'><strong>1.</strong></span> <span class='ocrx_word' id='word_1_347' title='bbox 226 4111 332 4166; x_wconf 83' lang='lat' dir='ltr'><strong>D’abord</strong></span> <span class='ocrx_word' id='word_1_348' title='bbox 346 4110 448 4165; x_wconf 89' lang='lat' dir='ltr'><strong>Vienne.</strong></span> 
     </span>
    </p>
   </div>
   <div class='ocr_carea' id='block_1_6' title="bbox 0 0 1378 4784">
    <p class='ocr_par' dir='ltr' id='par_1_9' title="bbox 0 0 1378 4784">
     <span class='ocr_line' id='line_1_39' title="bbox 0 0 1378 4784; baseline 0 0"><span class='ocrx_word' id='word_1_349' title='bbox 0 0 1378 4784; x_wconf 95' lang='lat' dir='ltr'><strong> </strong></span> 
     </span>
    </p>
   </div>
  </div>
 </body>
</html>
