2716 4784
600 386 778 449 ..160-

147 519 184 582 de
197 520 338 598 lleolano,
355 521 391 583 de
403 521 546 584 voluntate
569 523 635 585 dicti
654 522 729 584 dom¹
746 529 828 585 Lam.
845 537 875 585 et
886 521 1006 585 filiorum
1021 542 1137 585 suorum
1156 541 1217 584 ren-

149 618 219 680 didit
232 618 312 681 dom0
325 618 444 700 Guigoni
465 620 597 701 dalphino
624 619 774 684 Viennensi
800 620 932 702 quicquid
963 620 1033 700 juris
1058 619 1216 683 habebatiu

149 717 345 780 mandamento
372 716 409 780 de
430 718 551 800 Theysio
577 732 605 781 et
621 718 657 780 de
685 725 780 794 Petra,
803 719 898 799 precio
928 721 1007 781 ΙΙΙΙ111
1023 718 1106 781 solid.
1125 732 1153 781 et
1171 737 1216 780 mr

148 813 243 876 librar.
255 815 403 890 viennen,
419 828 448 877 et
460 829 503 878 est
518 815 604 897 quod.
621 815 710 896 sigillo
726 815 755 877 in
769 817 901 897 pendenti
912 816 1076 898 sigillatum.

190 931 258 991 9¹4·
277 919 356 986 Item,
372 913 457 994 qued.
467 912 562 976 lietera
578 912 688 975 duobus
698 913 793 994 sigillis
801 913 830 975 in
840 914 973 995 pendenti
985 914 1117 996 sigillata,
1127 917 1215 997 scripta

149 1009 201 1073 sub
218 1030 291 1073 anno
309 1011 363 1072 Dr'ri
385 1010 707 1092 n0110Lx10,invigilia
728 1011 760 1072 he
775 1012 862 1074 Marie
875 1012 1071 1093 magdalenes,
1082 1013 1214 1076 continent

147 1107 381 1188 composicionem
393 1109 493 1170 laetam
508 1108 579 1170 inter
593 1107 669 1171 dom.
688 1108 845 1189 Guigonem
857 1110 1033 1191 dalphinum,
1052 1111 1162 1173 nomine
1173 1128 1215 1172 suo

149 1218 177 1266 et
193 1205 377 1267 universitatis
399 1205 539 1266 hominum
560 1224 673 1267 suorum
696 1206 842 1285 parrochie
855 1206 891 1269 de
906 1207 1079 1290 Herbeysio,
1108 1227 1143 1270 ex
1167 1226 1213 1269 um

149 1314 228 1380 parte
244 1315 272 1363 et
285 1302 361 1362 dom.
379 1300 534 1382 Guigonem
564 1301 707 1363 Alamandi
735 1302 876 1366 dominum
891 1303 927 1366 de
951 1304 1089 1381 Uriatico,
1116 1305 1214 1367 nomine

150 1417 201 1460 suo
214 1412 242 1461 et
263 1399 403 1460 hominum
418 1417 530 1459 suorum
545 1412 573 1461 et
592 1399 778 1462 universitatis
789 1400 825 1462 de
841 1401 975 1477 Uriatico,
991 1421 1028 1463 ex
1046 1403 1133 1465 altera
1145 1420 1216 1482 super

150 1495 259 1576 pascuis
274 1509 302 1558 et
310 1496 519 1578 pasqueyragiis
532 1495 605 1558 dicte
621 1497 766 1576 parrochie
782 1511 811 1559 et
824 1497 890 1560 dicti
908 1497 1112 1576 mandamenti‚
1135 1513 1162 1561 et
1174 1498 1215 1560 luit

150 1593 349 1655 concordatum
364 1593 436 1654 inter
450 1607 543 1673 partes
561 1593 680 1673 predict.
703 1593 789 1657 videl.
805 1593 880 1676 quod
900 1594 1028 1658 homines
1043 1595 1218 1659 mandameuti

150 1690 243 1753 Visilie
258 1705 285 1753 et
298 1691 453 1773 specialiter
467 1690 504 1752 illi
517 1691 553 1753 de
566 1691 722 1775 Herbeysio
751 1706 868 1773 possunt
878 1706 907 1755 et
920 1692 1027 1756 debent
1040 1712 1218 1777 pasqueyrare

150 1807 213 1850 cum
241 1788 403 1850 animalibus
432 1787 488 1850 suis
517 1807 605 1869 usque
631 1807 742 1850 crucem
759 1789 856 1850 Ramis
876 1791 1031 1870 palmarum
1057 1791 1126 1854 Ville
1148 1797 1219 1853 Nure

149 1906 201 1966 per
234 1887 457 1948 mandamentum
490 1898 518 1947 et
563 1885 731 1947 territorium
765 1885 879 1948 Uriatici
908 1886 937 1948 in
960 1888 1074 1968 pascuis
1099 1902 1129 1952 et
1161 1887 1219 1950 locis

150 1983 313 2046 comunibus
328 2003 344 2045 a
359 1983 418 2044 rivo
431 1983 541 2044 labente
558 1996 622 2065 ante
643 1982 755 2044 domum
771 1983 869 2045 Vassal
894 2003 982 2064 usque
1002 1985 1041 2047 ad
1066 2005 1166 2068 aquam
1190 1984 1220 2045 de

151 2081 274 2142 Samiaut
287 2099 337 2160 per
350 2094 438 2141 totum
458 2080 662 2160 appendentem
687 2080 723 2142 de
736 2081 857 2162 Aliquot,
887 2095 916 2144 et
930 2096 1051 2164 possunt
1069 2098 1097 2146 et
1127 2083 1220 2146 dehent

149 2175 306 2238 inscindere
319 2175 393 2256 ligna
406 2189 433 2237 et
445 2176 582 2259 mayerias
596 2191 624 2239 et
641 2177 694 2239 alia
706 2177 757 2240 sibi
772 2178 932 2240 neccesaria
944 2179 974 2240 in
987 2198 1104 2243 nemore
1125 2181 1177 2243 sito
1196 2179 1220 2241 in

150 2274 213 2336 loco
237 2272 283 2354 qui
304 2287 420 2334 vocatur
442 2274 553 2355 Aliquot
575 2274 657 2342 avia
684 2274 771 2336 veteri
796 2275 923 2355 superius
943 2295 999 2357 qua
1016 2278 1220 2358 protenditura

150 2372 234 2432 domo
247 2371 361 2432 vassalli
375 2390 472 2432 versus
488 2370 579 2433 casale
596 2371 721 2447 Bruneti,
746 2385 774 2433 et
787 2372 810 2433 si
831 2373 956 2434 homines
972 2373 1008 2436 de
1022 2375 1118 2437 visilia
1133 2372 1222 2436 transi·

1221 1942 1231 1971 h

150 2467 217 2532 bant
233 2469 304 2530 ultra
326 2467 415 2529 dictos
431 2468 564 2530 terminos
584 2467 654 2528 infra
670 2467 895 2530 mandamentum
911 2468 1037 2547 Uriatici,
1054 2470 1122 2533 dicti
1146 2468 1222 2532 homi

150 2585 200 2628 nes
213 2566 249 2627 de
275 2565 395 2628 Uriatico
410 2579 526 2646 possunt
542 2579 570 2627 et
586 2564 690 2627 debent
713 2565 806 2626 levare
832 2566 949 2646 pignora
970 2580 1000 2630 et
1025 2568 1088 2649 ipsa
1113 2568 1221 2631 reddere

150 2663 301 2725 castellano
313 2664 405 2726 Visilie
415 2664 462 2744 qui
476 2663 558 2725 iaciat
573 2663 665 2724 lacere
680 2662 844 2745 eymendam
858 2663 980 2745 dampno
995 2684 1090 2745 passe.

191 2778 223 2841 91
235 2780 260 2840 ς.
279 2767 358 2836 ltem,
376 2761 462 2842 quod.
477 2761 555 2841 publ.
574 2760 785 2822 instrumentum
803 2761 936 2843 scriptum
949 2781 1034 2823 manu
1051 2765 1116 2826 Joh.
1132 2761 1232 2850 iuliani¹

151 2858 263 2934 notarii,
281 2857 333 2918 sub
347 2877 421 2919 anno
448 2865 557 2920 lncarn.
586 2858 640 2919 Diri
658 2861 832 2935 Molchxll,
851 2872 894 2920 νιο
907 2878 995 2922 nonas
1014 2861 1125 2939 marcii,
1144 2860 1223 2924 conti

150 2974 220 3016 nens
235 2954 309 3035 quod
324 2954 400 3016 dom.
420 2955 580 3016 Guillelmus
594 2955 629 3015 de
651 2954 810 3017 Morestello
821 2954 917 3028 miles,
930 2954 1001 3018 lilius
1013 2956 1090 3019 dom*
1105 2956 1181 3019 Petri
1193 2956 1223 3017 de

152 3051 323 3127 Morestello,
339 3051 465 3113 vendidit
475 3052 552 3113 dom⁰
566 3058 651 3113 Petro
665 3051 775 3113 Aurucii
791 3052 880 3129 militi,
896 3052 974 3115 dom⁰
988 3055 1093 3117 Montis
1106 3054 1221 3131 Bonodi,

151 3148 281 3211 vicariam
298 3169 379 3229 quam
396 3148 469 3210 idem
480 3149 509 3210 d.
528 3149 689 3211 Guillelmus
700 3149 821 3212 habebat
831 3151 858 3211 in
868 3151 1066 3214 mandamento
1083 3167 1111 3217 et
1122 3154 1224 3217 territo
1254 3224 1257 3237 Ι

151 3246 192 3309 rio
212 3245 312 3307 Montis
330 3245 449 3322 Bonodi,
464 3265 518 3306 una
534 3265 596 3307 cum
612 3245 735 3325 pluribus
752 3246 887 3322 serviciis,
903 3248 1005 3329 usagiis
1019 3269 1076 3331 que
1091 3249 1224 3333 percipie-

151 3343 199 3407 bat
211 3343 301 3406 dictus
313 3342 343 3403 d.
360 3349 395 3404 G.
412 3342 440 3403 in
452 3342 566 3418 mansis,
574 3343 747 3405 chabanariis
759 3356 787 3405 et
797 3343 933 3430 bordariis
945 3344 1012 3407 dicti
1026 3347 1222 3422 mandamenti,

151 3441 330 3523 quiquidem
357 3458 457 3503 census
484 3451 513 3502 et
536 3439 632 3521 usagia
657 3439 685 3500 in
715 3438 790 3502 dicto
811 3439 901 3504 instrt0
930 3441 1111 3507 nominantur
1133 3458 1162 3508 et
1178 3444 1247 3506 de·

152 3539 306 3620 signantur.

180 3636 260 3725 916.
276 3644 355 3712 Item,
368 3637 454 3718 quod.
466 3636 543 3718 publ.
558 3635 768 3701 instrumentum
779 3635 912 3721 scripturn
922 3657 1006 3702 manu
1015 3637 1222 3704 Petrihmselmi

152 3735 262 3811 notarii,
279 3735 330 3797 sub
347 3755 420 3797 anno
439 3737 493 3796 Diri
509 3739 728 3813 mulcemur,
748 3746 800 3798 nn⁰
819 3737 882 3800 idus
897 3738 1002 3819 aprilis,
1019 3740 1168 3802 continens
1182 3757 1221 3800 re·

150 3832 340 3914 cognitionem
354 3833 454 3897 factam
477 3835 556 3896 dom⁰
581 3841 664 3898 Petro
685 3835 795 3898 Aurucii
820 3856 871 3917 per
896 3835 1048 3899 Guelisium
1072 3838 1218 3922 dyaconum

60 4011 64 4017 ⁵
84 3950 88 3955 ·
150 3930 185 3993 de
195 3930 318 4012 pluribus
335 3932 464 3994 censibus
478 3933 615 3996 contentis
629 3933 728 4014 inipso
744 3934 846 3997 instro.
874 3971 912 3982 -
933 3950 1002 4016 917.
1020 3942 1102 4013 ltem,
1118 3937 1155 3999 al.
1169 3936 1218 3998 its·

149 4041 317 4091 trumentum
330 4027 358 4089 in
373 4028 447 4091 dicta
461 4029 533 4109 pelle
550 4031 681 4112 scriptum
694 4048 777 4092 manu
804 4031 869 4094 dicti
885 4038 918 4094 P.
935 4032 1080 4109 Amselmi,
1103 4052 1175 4096 anno
1195 4039 1217 4092 et

151 4127 195 4196 oie
211 4124 310 4216 quibus
323 4145 417 4210 supra,
431 4127 577 4188 continens
602 4129 677 4208 quod
698 4134 781 4210 Hugo
797 4130 864 4191 Rica
876 4142 905 4192 et
920 4129 1062 4193 Helisahel
1079 4132 1140 4212 ejus
1158 4144 1216 4193 uror
