2716 4784
528 390 766 458 “¹¹32'’

134 502 216 563 dom⁰
228 516 324 563 nostro
339 502 368 562 d.
387 501 541 564 llumberto
556 503 692 567 Viennen.
709 503 840 584 dalphino
852 524 903 585 per
918 512 1063 586 Hugonem
1082 505 1211 566 Richardi

135 598 171 660 de
186 599 327 681 Oysencio
344 612 372 660 et
385 598 570 661 terminum..

176 695 245 758 616.
264 704 344 773 ltem,
374 697 459 778 quod.
477 696 513 758 al.
539 696 615 778 publ.
640 696 852 760 instrumentum
882 698 924 781 (ut
950 698 1033 780 607),
1058 698 1142 760 indic.
1168 712 1211 776 11²,

136 792 181 854 die
195 807 245 854 nva
269 813 358 856 mens.
372 794 498 873 januarii,
514 794 660 856 continens
677 795 834 876 homagium
844 795 938 877 ligium
949 797 984 857 de
1001 815 1118 876 persona
1132 814 1214 877 pres-

135 889 215 952 titum
232 891 312 953 dom⁰
326 905 422 954 nostro
445 890 575 972 dalphino
600 911 651 972 per
669 892 789 954 nobilem
808 893 985 955 Franciscum
998 893 1033 955 de
1051 892 1173 955 Parisius
1187 905 1215 955 et

135 989 324 1050 terminum...

176 1084 247 1163 617.
272 1093 351 1162 Item,
383 1085 468 1167 qued.
499 1085 590 1147 littera
618 1085 728 1147 duobus
759 1086 855 1167 sigillis
882 1085 911 1147 in
933 1087 1065 1168 pendenti
1084 1087 1212 1169 sigillata,

137 1181 242 1263 scripta
267 1183 319 1244 sub
341 1203 414 1245 anno
441 1183 495 1245 Dr'ri
514 1189 719 1259 Moccmvttl,
750 1203 788 1245 xu
808 1184 920 1246 kalend.
939 1185 1044 1266 aprilis,
1071 1186 1216 1248 continens

138 1279 365 1360 recognicionem
390 1280 490 1342 factam
510 1280 545 1340 ill¹
566 1279 683 1360 principi
695 1280 776 1340 dom0
788 1294 884 1342 nostro
905 1281 1059 1343 Humberto
1077 1281 1116 1363 (l)
1129 1281 1216 1343 Vien-

137 1377 217 1438 nensi
242 1376 373 1458 dalphino
401 1396 451 1458 per
477 1377 665 1438 Fromundum
692 1377 866 1458 Berengarii,
895 1377 930 1439 de
954 1392 1045 1440 castro
1077 1376 1114 1441 de‘
1136 1378 1215 1440 Vado

137 1487 164 1535 et
174 1474 235 1553 ejus
249 1474 457 1549 mandamento,
474 1473 509 1534 de
525 1487 618 1535 castro
633 1473 668 1535 de
685 1481 778 1535 Darna
793 1487 821 1535 et
837 1473 925 1535 bastia
942 1474 978 1536 de
994 1482 1120 1551 Davana,
1136 1488 1164 1535 et
1181 1473 1216 1534 de

137 1570 335 1652 omnibusque
348 1570 442 1632 habuit
467 1571 579 1632 nomine
608 1570 817 1651 permutationis
830 1590 846 1630 a
861 1571 1026 1653 Reymondo
1043 1570 1215 1652 Berengarii,

137 1686 192 1747 que
207 1667 300 1728 omnia
314 1664 478 1748 recognovit
491 1681 587 1729 tenere
602 1666 746 1729 reddibilia
761 1688 777 1728 a
794 1667 868 1730 dicto
883 1668 996 1731 domino
1013 1669 1064 1752 sub
1079 1669 1168 1732 modis
1189 1680 1218 1731 et

137 1763 350 1827 condicionibus
363 1765 392 1825 in
404 1764 478 1826 dicto
488 1764 578 1826 instrto
592 1765 740 1833 contentis.
871 1832 874 1839 ,

177 1862 248 1924 (218.
267 1869 347 1940 Item,
361 1862 447 1941 quod.
461 1862 498 1922 al.
522 1862 745 1924 instrumentum
760 1861 837 1942 publ.
864 1861 996 1942 scriptum
1018 1885 1100 1926 manu
1132 1867 1214 1949 Guig.

137 1960 282 2020 Frumenti
292 1972 352 2020 not.
368 1959 435 2039 pub.
439 2005 449 2036 ,
469 1959 520 2021 sub
535 1979 609 2020 anno
630 1959 683 2021 biri
700 1966 982 2036 M⁰CCC⁰XXXllll⁰,
993 1960 1088 2024 indict.
1106 1975 1149 2047 11¹2,
1173 1963 1218 2025 die

137 2068 201 2116 vura
232 2056 335 2117 mensis
359 2055 485 2135 januarii,
512 2057 658 2118 continens
679 2057 902 2138 recognicionem
934 2058 1055 2140 homagii
1086 2060 1162 2124 Petri
1182 2059 1218 2123 de

137 2154 252 2234 Asperis
266 2153 429 2215 habitatoris
445 2153 480 2214 de
496 2161 574 2214 Mura
588 2167 616 2215 et
633 2154 890 2234 assignationem...

178 2252 249 2332 619.
269 2257 348 2326 ltem,
363 2250 448 2331 quod.
465 2251 500 2311 al.
517 2251 729 2312 instrumentum
746 2247 823 2332 publ,
840 2252 972 2333 scriptum
988 2272 1070 2313 manu
1085 2253 1218 2317 Johannis

138 2348 302 2410 Amandrini
317 2361 344 2409 et
358 2347 542 2428 subscriptum
570 2367 653 2408 manu
681 2348 781 2409 Humb¹
798 2348 878 2410 Pilati
906 2349 1076 2410 notariorum
1096 2349 1214 2430 publio,

139 2446 192 2507 sub
210 2464 284 2506 anno
300 2444 354 2506 Diri
370 2450 611 2520 M⁰CCC⁰XX1X⁰,
630 2444 715 2507 indic.-
729 2459 792 2521 xua,
809 2445 854 2507 die
868 2464 969 2507 rrnvrnt
984 2447 1085 2508 mensis
1111 2446 1216 2526 aprilis,

139 2543 287 2605 continens
303 2541 461 2623 homagium
489 2542 632 2622 prestitum
647 2542 725 2602 dom⁰
745 2554 841 2603 nostro
867 2541 997 2622 dalphino
1024 2561 1074 2621 per
1099 2542 1219 2604 nobilem

139 2641 230 2702 virum
249 2638 324 2700 dom.
351 2645 464 2699 Petrum
494 2637 616 2720 hynardi
638 2637 761 2713 militem,
789 2637 930 2698 dominum
959 2637 1061 2699 Montis
1084 2638 1218 2720 Aynardi,

138 2738 205 2800 item
223 2736 367 2799 confessus
383 2735 434 2797 luit
443 2749 471 2797 et
485 2735 648 2815 recognovit
662 2734 752 2796 dictus
773 2732 848 2796 dom.
876 2741 975 2796 Petrus
1000 2754 1030 2796 se
1055 2749 1162 2812 tenere,
1179 2749 1222 2798 te-

140 2836 235 2897 nuisse
251 2847 278 2895 et
291 2847 386 2895 tenere
399 2831 470 2893 velle
485 2845 513 2893 et
529 2831 632 2893 debere
645 2831 673 2891 in
683 2831 795 2892 feudum
805 2831 929 2893 francum
942 2831 998 2913 (et)
1013 2832 1131 2894 nobilea
1146 2833 1221 2896 dicto

139 2933 219 2993 dom.
234 2931 364 3011 dalphino
376 2943 508 3007 castrum,
525 2929 749 2991 mandamentum
765 2943 793 2990 et
803 2929 969 2992 territorium
982 2929 1087 3010 Montis
1099 2931 1222 3012 Aynardi

140 3041 169 3089 et
197 3041 255 3089 tres
282 3040 374 3106 partes
405 3025 439 3087 de
469 3026 624 3100 Chavessa,
658 3025 844 3087 mandamenti
874 3038 901 3088 et
925 3026 1055 3088 territorii
1085 3026 1220 3105 ejusdem,

141 3139 169 3188 et
182 3125 296 3186 domum
312 3125 411 3186 sortem
427 3122 462 3184 de
483 3123 635 3205 Royssanis
648 3142 710 3184 cum
728 3122 884 3184 hominibus
905 3143 975 3204 quos
997 3124 1095 3186 habet'
1105 3123 1220 3199 ibidem,

141 3223 209 3284 item
225 3220 323 3283 omnia·
332 3235 360 3282 et
380 3219 487 3301 singula
509 3239 542 3282 ea
566 3240 620 3299 que
643 3220 738 3295 habet,
759 3208 836 3281 tenet
854 3234 881 3282 et
899 3220 1023 3300 possidet
1038 3221 1066 3281 in
1081 3221 1181 3282 Triviis
1196 3234 1224 3294 et

143 3318 350 3401 Graysivodani
366 3337 420 3398 que
439 3336 495 3378 non
508 3317 681 3396 reperientur
698 3317 786 3378 teneri
804 3316 839 3378 ab
852 3317 905 3377 alio
919 3317 1043 3378 domino.

184 3416 255 3476 620.
273 3421 352 3489 ltem,
369 3413 456 3494 quod.
473 3413 550 3493 publ.
562 3413 775 3476 instrumentum
791 3414 922 3494 scriptum
937 3434 1019 3475 manu
1037 3412 1112 3474 Petri
1124 3410 1223 3474 Polleti

142 3513 244 3576 notarii
271 3512 348 3593 publ.
373 3512 424 3573 sub
435 3530 508 3573 anno
524 3511 578 3572 Diri
599 3512 967 3584 M⁰CC⁰LXX0V11⁰,indic.
987 3527 1028 3584 ve,
1048 3525 1092 3570 1110
1108 3509 1222 3573 kalend.

142 3610 250 3691 aprilis,
264 3609 409 3670 continens
433 3607 508 3688 quod
524 3608 673 3689 Margarita
687 3607 722 3668 de
742 3607 877 3669 Cezerino
901 3608 1026 3670 vendidit
1039 3605 1176 3689 Cyboudo
1189 3606 1224 3668 de

144 3713 245 3769 Castro
257 3714 338 3768 Novo
355 3719 420 3768 11110r
444 3706 547 3767 solidos
570 3706 705 3767 viennen.
724 3724 825 3767 census
840 3719 867 3766 et
892 3725 910 3766 rr
941 3705 1022 3766 solid.
1051 3704 1086 3766 de
1123 3703 1224 3785 placito

142 3826 230 3888 super
244 3807 364 3887 quadam
377 3806 450 3886 petia
464 3805 586 3866 nemoris
600 3805 774 3866 confrontata
791 3803 819 3864 in
836 3803 911 3865 dicto
926 3803 1031 3864 insuto.

184 3904 256 3964 621.
274 3909 353 3977 ltem,
365 3902 451 3982 quod.
466 3902 502 3963 al.
518 3900 594 3981 publ.
611 3900 822 3962 instrumentum
837 3898 969 3979 scriptum
981 3917 1064 3959 manu
1080 3896 1226 3959 llumberti

144 3999 256 4063 Merleti
269 4000 369 4062 notarii
385 3999 476 4080 publ,
494 3999 545 4060 sub
562 4017 635 4059 anno
670 3997 724 4059 Dr'ri
752 4000 963 4074 M011⁰XC⁰lll⁰,
986 3997 1070 4060 indic.
1097 3998 1141 4075 ,vra
1158 4045 1165 4074 ,
1181 3996 1226 4057 die
1253 3995 1254 3999 ’

142 4095 276 4159 mercurii
288 4110 352 4158 ante
365 4095 565 4159 hscencionem
585 4093 705 4169 Domini,
721 4094 866 4166 continens
878 4093 953 4174 quod
974 4100 1073 4156 Petrus
1090 4091 1164 4154 Rulli
1191 4090 1226 4151 de
