2716 4784
430 360 438 378 ¹
510 389 688 461 ’.ως-

103 513 176 591 553.'
188 519 267 588 Item,
292 512 379 592 quedss
401 510 497 589 lietera
519 510 547 573 in
566 512 698 592 pendenti
716 512 844 594 sigillata,
868 514 969 597 scripta
990 514 1042 575 sub
1062 532 1136 575 anno
1157 504 1159 508 ’

59 609 115 670 ὓῇἰ
141 612 378 683 M⁰110LX.V1110,
404 608 549 670 continens
570 609 645 689 quod
665 608 796 690 magister
814 600 953 672 lohannei
969 611 1005 672 de
1022 616 1137 673 Gonce-

57 706 126 780 lino,
153 707 236 786 judex
255 707 283 768 in
304 706 515 790 Graysivodano
535 726 587 788 pro
609 707 688 769 dom⁰
711 707 859 788 delphino,
885 708 1034 787 ajudicavit
1056 709 1136 770 dom⁰

58 810 144 865 Petro
168 803 293 866 Auruscii
311 803 466 882 *dominium
486 817 514 866 et
528 823 642 866 censum
664 804 807 883 cujusdam
830 805 910 886 pecie
929 805 1010 867 vinee
1035 805 1087 866 site
1107 804 1136 865 in

58 913 156 962 manso
167 901 206 985 ¹de
224 901 363 984 Cleymes,
380 901 567 965 mandamenti
583 901 685 963 Montis
700 901 820 978 Bonodi,
835 921 917 983 quam
932 903 1040 964 vineam
1057 915 1136 965 tene·

57 997 107 1059 bat
118 997 280 1060 Guillelmus
298 998 463 1071 Chamondi.

103 1112 113 1174 ς
123 1112 201 1174 54-5.
223 1102 302 1169 Item,
323 1094 379 1156 duo
399 1094 510 1176 publica
524 1095 705 1157 instrumenta
719 1114 802 1156 manu
814 1095 888 1156 Petri
906 1094 1022 1157 Asselini
1035 1095 1063 1156 in
1081 1114 1137 1158 una
1178 1100 1182 1104 ’

57 1190 141 1271 pelle,
159 1210 244 1252 unum
263 1191 315 1254 sub
335 1211 408 1254 anno
429 1192 482 1253 Dr‘ri
499 1194 712 1268 M0119LXX110,
729 1204 773 1252 111⁰
787 1191 900 1253 kalend.
922 1191 1028 1267 marcii,
1044 1192 1138 1254 conti-

57 1306 128 1349 nens
142 1287 217 1369 quod
229 1289 368 1350 lohannes
384 1295 474 1350 Bovet
488 1287 612 1350 vendidit
628 1287 706 1349 dom⁰
722 1293 806 1350 Petro
820 1286 969 1349 Aurusciir
991 1287 1136 1349 sestarium
1224 1306 1225 1311 ¹

57 1383 188 1447 frumenti
206 1404 305 1447 census
326 1385 400 1466 quod
417 1385 555 1446 faciebant
579 1403 698 1465 persone
718 1385 746 1445 in
762 1384 823 1465 ipso
843 1384 1026 1446 instrumento
1044 1382 1137 1444 nomi-

58 1495 139 1559 nate3
162 1481 236 1543 aliud
261 1501 329 1544 vero
352 1482 405 1544 sub
428 1502 502 1544 anno
527 1488 665 1557 uxxilr,
691 1481 814 1543 continet
836 1481 911 1562 quod
936 1481 1012 1544 dom.
1037 1487 1137 1543 Petrus

59 1579 167 1660 Czuppi
184 1582 237 1659 cap
253 1592 280 1642 et
295 1585 406 1641 Usanna
422 1579 541 1643 confessi
562 1579 673 1640 fuerunt
688 1597 718 1640 se
736 1592 832 1640 tenere
846 1599 862 1639 a
877 1578 954 1639 dom⁰
971 1585 1055 1640 Petro
1081 1586 1136 1638 Au-

57 1675 141 1738 ruscii
157 1675 296 1757 quandam
317 1675 424 1757 peciam
443 1676 524 1738 vinee
548 1676 599 1739 site
622 1676 652 1736 in
670 1675 747 1737 closo
770 1674 805 1736 de
821 1675 993 1751 corbonam,
1013 1694 1063 1755 pro
1082 1695 1137 1755 qua
1154 1685 1156 1688 ⁴

58 1773 179 1841 confessi
196 1773 308 1835 fuerunt
323 1773 426 1835 debere
440 1793 554 1836 censum
569 1786 597 1835 et
609 1773 723 1835 talliam.

101 1869 168 1950 556.
187 1876 266 1945 ltem,
283 1869 369 1950 quod.
385 1869 462 1950 publ.
479 1870 690 1933 instrumentum
710 1869 753 1950 (ut
771 1868 850 1950 506),
874 1869 1020 1931 continens
1042 1868 1138 1930 homa·

58 1967 133 2049 glum
148 1967 243 2049 ligium
259 1970 403 2048 prestitum
420 1988 471 2049 per
487 1975 601 2030 Petrum
617 1968 652 2030 de
667 1967 804 2029 Miribello
820 1980 849 2029 et
861 1967 1046 2030 terminum...

102 2081 169 2144 557.
192 2070 271 2142 item,
295 2065 382 2145 quod.
411 2066 447 2128 al.
477 2066 555 2146 publ.
579 2066 790 2129 instrumentum
814 2065 867 2146 (nt
884 2065 967 2145 506),
993 2064 1138 2127 continens

58 2161 219 2242 homagium
231 2160 325 2242 ligium
337 2162 481 2242 prestitum
499 2163 578 2224 dom⁰
593 2163 724 2243 dalphino
740 2180 791 2243 per
804 2163 957 2224 iohannem
973 2161 1008 2224 de
1023 2162 1135 2238 Thema,

58 2258 93 2320 de
108 2257 189 2320 Bello
206 2266 313 2335 Monte,
331 2273 360 2321 et
374 2260 576 2322 terminum...¹
592 2331 602 2349 ·

101 2357 168 2437 558.
187 2363 266 2432 ltem,
283 2357 369 2438 quod.
385 2345 463 2439 publ.
478 2358 689 2420 instrumentum
704 2357 732 2419 in
744 2356 877 2437 pendenti
890 2355 1036 2436 sigillatum
1049 2355 1138 2436 sigillo

58 2453 139 2515 Flote
155 2453 191 2515 de
205 2454 394 2531 Cassenatico,
408 2455 540 2536 scriptum
553 2453 780 2516 manuGuillelmi
789 2454 824 2515 de
836 2453 914 2516 Ulcio
928 2452 1028 2515 notarii
1045 2452 1136 2532 publ,

58 2550 110 2613 sub
124 2569 200 2612 anno
215 2551 269 2612 oni
284 2554 483 2627 mulcentur,
499 2571 538 2614 xv
549 2551 662 2614 kalend.
684 2551 751 2630 julii,
767 2551 911 2613 continens
926 2548 1138 2612 revocacionem

58 2647 217 2711 testamenti
231 2660 258 2709 et
275 2647 396 2709 omnium
407 2662 598 2710 contractuum
612 2647 747 2710 factorum
762 2667 812 2728 per
825 2648 926 2710 dictam
938 2647 1045 2709 Flotam
1056 2665 1139 2726 super

58 2746 132 2808 facto
147 2743 231 2807 castri
246 2743 281 2805 de
295 2745 472 2808 Cassenatico
487 2765 574 2827 usque
591 2745 625 2806 ad
641 2745 742 2806 dictam
760 2745 844 2807 diem.
1105 2806 1110 2820 ,

66 2922 72 2929 α
100 2861 167 2922 559.
187 2848 266 2916 Item,
284 2841 370 2923 quod.
386 2840 462 2922 publ.
484 2841 696 2904 instrumentum
715 2840 848 2923 scriptum
866 2860 949 2903 manu
965 2849 1046 2903 Lant.
1060 2845 1139 2902 Gue-

60 2938 119 3001 nisii
135 2939 172 3000 de
187 2938 325 3003 Alavardo
340 2939 417 3021 publ.
434 2940 545 3016 notarii,
567 2939 618 3002 sub
636 2959 710 3001 anno
734 2939 788 3002 ori
807 2945 1077 3014 M⁰CCC0XXX1X⁰,
1093 2936 1139 3000 die

60 3034 220 3097 immensis
236 3034 410 3111 decembris.
423 3036 569 3099 continens
583 3036 773 3098 remissionem
789 3036 890 3099 factam
901 3035 1013 3098 domino
1025 3053 1077 3117 per
1085 3033 1140 3097 ho-
1186 3053 1190 3060 ·

61 3133 148 3195 mines
163 3146 191 3195 et
205 3146 302 3214 gentes
320 3134 355 3196 de
372 3135 526 3198 Goncelino
542 3148 570 3198 et
584 3135 618 3198 de
632 3134 791 3198 Morestello
805 3151 894 3216 super
904 3133 1021 3216 fogagiis
1035 3146 1064 3196 et
1078 3131 1138 3194 aliis

61 3230 131 3292 male
147 3230 262 3293 extortis
275 3230 311 3293 ab
320 3231 436 3294 eisdem.

104 3326 169 3410 560.
191 3334 271 3402 Item,
287 3329 372 3410 quod.
389 3328 468 3410 publ.
485 3328 698 3392 instrumentum
715 3328 847 3409 scriptum
866 3347 950 3392 manu
964 3325 1089 3390 Gamerii
1101 3325 1136 3388 de

61 3433 198 3508 Corcyro,
221 3439 363 3507 receptum
383 3426 435 3488 sub
453 3445 527 3488 anno
544 3427 598 3511 Diri
614 3428 796 3502 M⁰11⁰LXV1‚
816 3426 961 3488 continens
978 3423 1136 3504 homagium

58 3523 155 3605 ligium
169 3522 314 3603 prestitum
330 3522 463 3606 Syboudo
477 3523 512 3585 de
527 3522 729 3605 Castronolvo)
746 3542 796 3603 per
812 3522 991 3583 Ysmidonem
1005 3520 1040 3583 de
1055 3520 1138 3582 Closa

57 3620 93 3682 de
112 3617 271 3681 Bucurione
288 3632 316 3682 et
335 3619 558 3701 recognicionem
574 3619 609 3680 de
631 3618 750 3699 quadam
766 3618 847 3680 vinea
866 3619 918 3680 sita
933 3637 1018 3698 supra
1034 3617 1135 3681 dictam
1210 3669 1213 3674 .

55 3717 192 3792 etiosam,
208 3736 260 3798 pro
274 3737 329 3798 qua
342 3716 486 3780 confessus
498 3717 549 3778 fuit
564 3717 667 3780 debere
683 3735 702 3777 u
720 3716 834 3798 gallinas
849 3735 959 3779 census.

102 3814 169 3895 561.
195 3821 276 3891 item,
298 3814 383 3896 quod.
409 3814 485 3895 publ.
508 3814 719 3876 instrumentum
744 3813 878 3894 scriptum
900 3832 983 3875 manu
1000 3810 1137 3879 'iohannis

53 3910 206 3977 Raschecii
221 3911 256 3973 de
277 3910 378 3988 clusis,
402 3910 599 3993 Gen(evensis)
616 3908 746 3985 diocesis,
771 3910 822 3972 sub
846 3929 919 3973 anno
942 3909 1057 3974 Nativit.
1083 3912 1136 3973 Dr'ii
1184 3932 1190 3946 ·

94 4134 119 4173 t.
137 4113 181 4171 En·
191 4131 224 4170 m.
240 4114 335 4172 Domus
349 4115 380 4172 de
392 4113 495 4173 Tiresia.
