2716 4784
623 371 779 431 -68-

166 513 245 570 Nova
259 524 293 567 ex
309 505 406 578 altera,
419 522 503 584 super
522 502 631 583 pascuis
653 502 727 564 dicte
750 502 896 583 parrochie
919 515 948 564 et
972 501 1043 563 dicti
1066 501 1216 565 monasteri.
1265 476 1267 517 ³

207 621 273 682 344.
299 609 378 678 ltem,
397 600 482 681 qued.
502 599 592 661 littere
622 600 724 680 scripte
753 599 805 661 sub
821 618 895 661 anno
921 599 976 661 oni
991 605 1219 675 M⁰CC⁰XLll⁰,r

164 699 276 762 kalend.
295 697 415 779 augusti,
434 695 549 777 sigillare
563 715 580 757 x
594 696 701 777 sigillis,
717 697 890 758 continentes
900 709 1104 760 testamentum
1118 695 1220 780 Spboud

164 797 267 858 domini
283 795 428 857 Bellivisus
437 793 472 855 de
490 801 596 855 Marco.

208 912 273 973 345.
291 900 369 966 ltem,
382 890 466 972 qued.
489 889 526 950 al.
548 890 637 951 littere
652 889 754 970 scripte
770 908 843 952 anno
863 895 917 952 Dilr
938 895 1171 966 M⁰CC⁰vall⁰,
1186 897 1222 950 iul

163 1009 237 1053 nona
247 989 324 1069 junii,
341 987 457 1069 sigillare
467 987 495 1048 in
505 986 637 1067 pendenti
651 987 760 1049 duobus
770 982 875 1068 sigillis,
887 987 1066 1050 continentes
1078 988 1155 1069 quod
1164 987 1222 1048 don.

163 1087 313 1162 nrtaudus,
326 1084 455 1147 dominus
466 1082 648 1158 rossilionis,
659 1083 736 1145 dedit
749 1083 826 1145 dom⁰
840 1083 959 1164 Guigoni
973 1083 1113 1166 dalphino
1127 1083 1225 1165 quitquit

164 1184 284 1246 habebat
293 1182 321 1244 in
337 1182 420 1242 domo
436 1179 471 1241 de
480 1180 606 1242 Landrus
616 1179 680 1241 etin
695 1179 758 1240 villa
764 1193 793 1241 et
805 1180 951 1259 parrochia
959 1180 997 1243 de
1011 1184 1165 1263 espinosa,
1177 1200 1223 1243 curu

163 1281 287 1363 pluribus
296 1277 506 1341 condicionibus
521 1278 548 1339 in
563 1277 629 1357 ipsis
644 1277 740 1339 litteris
754 1277 902 1340 contentis.

207 1376 273 1455 346.
290 1383 369 1449 ltem,
395 1373 481 1456 quod.
506 1373 718 1435 instrumentum
745 1373 877 1454 scriptum
903 1392 986 1435 manu
1012 1374 1156 1436 Guillelmi
1177 1373 1225 1456 (de)

166 1472 243 1535 Ulcio
255 1471 354 1534 notarii
368 1469 459 1551 publ,
470 1469 522 1532 sub
531 1489 605 1532 anno
620 1470 673 1531 Dili
689 1476 917 1546 tremuntur,
932 1469 1033 1532 indict.
1049 1471 1225 1545 1²,dieveue-

164 1570 201 1632 ris
214 1582 277 1650 post
291 1568 405 1631 octabas
418 1567 589 1648 Apericionis
611 1567 732 1642 Domini,
758 1567 902 1630 continens
925 1567 1112 1630 donationem
1142 1569 1224 1631 facou

163 1667 384 1747 dom⁰dalphino
405 1684 455 1746 per
471 1665 670 1738 Guichardum,
692 1664 804 1726 fratrem
834 1664 982 1726 Lumbardi
1013 1667 1052 1727 de
1079 1666 1180 1749 Vinay,
1199 1665 1224 1726 de

164 1765 238 1827 omni
258 1766 317 1843 jure
327 1764 400 1845 quod
418 1762 539 1825 habebat
556 1763 584 1824 in
598 1762 679 1824 bonis
693 1761 759 1824 dicti
776 1761 924 1824 Lumbardi
939 1761 1034 1824 fratris
1047 1764 1093 1825 sui
1108 1777 1130 1826 ¹.

208 1881 272 1940 347.
290 1869 368 1936 item,
387 1859 471 1941 qued.
496 1859 585 1921 littere
615 1859 717 1938 scripte
733 1857 785 1919 rub
811 1876 884 1919 anno
900 1858 955 1919 Diri
975 1865 1223 1936 nt⁰ce⁰xxxltu⁰,

165 1968 208 2019 111⁰
222 1958 284 2019 idus
306 1957 431 2035 januarii,
450 1955 624 2018 continentes
647 1954 722 2037 quod
737 1953 899 2016 Guillelmus
912 1954 948 2016 de
964 1954 1045 2018 Bello
1069 1958 1140 2029 visu
1166 1956 1224 2019 dedit

164 2055 310 2117 Guillelmo
322 2053 444 2114 Philosio
456 2051 586 2133 quicquid
605 2050 724 2113 habebat
735 2050 809 2131 apud
825 2052 963 2112 Pinetum.
1124 2128 1127 2132 .

208 2149 272 2227 348.
289 2155 368 2221 ltem,
384 2147 471 2227 quod.
500 2147 710 2209 instrumentum
728 2146 771 2226 (ut
791 2146 870 2228 342),
891 2146 935 2208 die
949 2159 982 2207 ιιΒ
1004 2167 1099 2210 mens.
1118 2149 1223 2228 januari,

162 2246 307 2309 continens
333 2244 492 2307 fidelitatem
523 2257 550 2304 et
565 2244 787 2325 recognicionem
799 2243 940 2324 prestitam
964 2263 1016 2324 per
1032 2243 1226 2310 nobilemGuil

162 2342 273 2405 lelmum
287 2341 384 2404 Jarreti
400 2342 435 2402 de
450 2346 548 2402 Castro
574 2341 676 2420 Duplo‚
690 2340 801 2402 nomine
816 2359 867 2402 suo
889 2352 919 2401 ut
935 2339 1050 2403 dicebat
1073 2357 1105 2405 et
1127 2341 1225 2426 lapneti

161 2438 263 2513 fratris,
275 2437 387 2500 domino
401 2451 497 2499 nostro
514 2437 644 2532 dalphino
660 2436 696 2511 de
710 2436 837 2500 omnibus
852 2435 903 2498 hiis
917 2455 972 2517 que
985 2436 1107 2516 habent,
1119 2440 1176 2502 sive
1185 2437 1225 2500 s‘nt
1244 2438 1247 2443 '

162 2535 364 2616 possessiones,
380 2553 424 2596 res
436 2546 566 2597 actutum
580 2533 664 2595 aliare
677 2532 752 2613 quod
763 2545 791 2594 et
804 2552 873 2612 quas
883 2544 980 2594 tenent
993 2535 1073 2615 apud
1088 2535 1222 2598 Cabeoluu

163 2631 231 2693 etin
246 2631 441 2692 mandamento
457 2642 485 2690 et
495 2628 634 2691 territorio
652 2627 786 2706 ejusdem,
802 2641 830 2689 et
843 2628 991 2690 terminum
1002 2629 1048 2711 (ut
1058 2630 1124 2712 ibt).

207 2745 271 2807 349.
286 2716 365 2802 Item,
379 2725 464 2805 quod.
480 2725 690 2786 instrumentum
706 2724 838 2805 scriptum
852 2745 933 2787 manu
950 2727 1028 2788 Petri
1050 2729 1224 2810 lohannapres

163 2822 198 2884 de
217 2829 323 2896 Bauna,
341 2821 494 2883 Paduensis
524 2821 653 2896 diocesis,
683 2822 846 2885 auctoritate
862 2823 996 2903 imperiali
1016 2826 1122 2887 notarii
1149 2823 1221 2906 publ,
1265 2810 1267 2843 ⁵

163 2917 214 2979 sub
244 2936 317 2979 anno
341 2919 434 2979 Nativ.
465 2919 518 2981 Diri
549 2925 789 2995 M⁰CCC⁰XX1X⁰,
816 2919 901 2981 indic.
925 2936 988 2995 xur,
1017 2921 1064 2984 die
1085 2919 1223 2984 tumentis

162 3014 302 3090 febroarii,
319 3016 464 3077 continens
478 3016 552 3096 quod
578 3016 710 3096 providus
727 3016 769 3077 vir
787 3017 927 3078 lohannes
951 3018 1073 3080 condam
1105 3017 1181 3081 Rossi
1195 3015 1222 3075 de

162 3109 312 3172 lavifillacii
327 3112 362 3173 de
377 3112 532 3188 Florencia,
555 3113 629 3192 apud
653 3120 806 3174 Romanam
831 3113 934 3175 curiam
958 3113 986 3174 in
1000 3114 1118 3177 civitate
1128 3112 1223 3176 avido

162 3207 240 3269 nensi
254 3208 437 3284 personaliter
464 3209 640 3282 constitutus,
668 3207 743 3284 lecit,
774 3208 916 3271 constituit
945 3223 974 3271 et
994 3209 1139 3273 ordinavit
1161 3225 1222 3271 suun

161 3324 257 3367 verum
272 3318 300 3367 et
312 3305 463 3384 legitimum
478 3318 699 3390 procuratorem,
716 3320 849 3381 actorem,
867 3306 1000 3367 factorem
1015 3320 1045 3369 et
1056 3308 1223 3390 negociorum

162 3414 301 3480 gestorem
326 3419 359 3463 ac
384 3401 515 3462 nuncium
541 3400 690 3481 specialem
707 3401 856 3465 discretum
879 3403 969 3465 virum
991 3404 1159 3468 Bartholum
1172 3403 1226 3466 alias

161 3501 330 3562 nominatum
347 3500 439 3561 Bardo
455 3499 574 3561 condam
589 3499 660 3561 Setis
677 3499 712 3560 de
739 3499 878 3562 Florentia
902 3513 1074 3580 presentem,
1091 3501 1128 3562 ad
1143 3514 1227 3584 peten-

161 3594 226 3655 dum
239 3609 266 3657 et
281 3595 373 3657 ornnia
389 3595 545 3658 laciendum
560 3615 614 3676 que
629 3595 747 3657 indicto
765 3596 947 3658 instrumento
964 3597 1159 3660 continentur.

204 3709 268 3771 350.
286 3699 365 3766 Item,
381 3692 466 3773 qued.
482 3692 571 3755 littera
584 3692 673 3754 tribus
689 3692 783 3772 sigillis
800 3693 927 3771 sigillata,
946 3692 1084 3773 (s)cripta
1100 3695 1154 3757 sub
1168 3709 1230 3755 anno

161 3786 216 3848 Drii
231 3793 404 3863 M⁰CCC⁰X⁰,
420 3768 465 3852 ffie
479 3789 589 3852 veneris
605 3802 671 3851 ante
690 3788 820 3870 (festum)
848 3789 874 3851 b¹
903 3790 1097 3853 Bartholomei
1112 3790 1233 3873 apostoli,

159 3883 305 3945 continens
319 3886 459 3965 quoddam
475 3887 703 3966 compromissum
715 3884 816 3947 factum
826 3885 897 3946 inter
910 3885 987 3946 dom.
1003 3886 1186 3950 Guillelmum
1195 3887 1237 3948 de

200 4101 219 4137 1.
236 4083 274 4136 En
289 4101 321 4138 rn.
338 4085 371 4136 Aa
386 4084 507 4140 Videatur
521 4103 567 4158 pro
581 4085 647 4140 lacto
661 4085 692 4139 de
705 4087 800 4158 Nerpo.
