2716 4784
604 413 782 477 ..„,-

153 540 283 591 tenentur
298 527 334 589 de
356 526 441 589 feudo
461 540 490 589 et
513 526 635 589 dominio
652 524 757 587 domini
780 522 910 606 predicti,
925 525 1100 608 proquibus
1110 526 1223 591 omnibu
1265 512 1267 541 ’

152 624 296 689 confessus
311 624 361 686 fuit
374 642 436 686 esse
447 623 531 685 bomo
547 623 628 705 ligius
640 622 715 685 dom¹
728 620 851 703 dalphini
860 634 891 685 et
902 622 1073 705 homagium
1095 644 1158 688 cum
1167 625 1225 705 jun

153 734 249 785 mento
262 720 402 784 fidelitatis
416 720 546 802 prestitit,
558 734 614 784 etc.
629 734 650 784 ¹.

198 818 283 881 1081.
296 826 375 895 ltern,
391 817 476 900 qued.
490 816 581 880 littera
602 816 706 899 scripta
719 834 794 879 anno
809 815 863 879 Dni
880 818 1078 895 nt⁰110nxx·,
1098 814 1226 881 contidm

153 914 228 996 quod
253 914 345 977 inclita
365 914 445 978 dom·
460 914 571 977 Beatrix
586 912 717 994 delphina
739 911 917 989 Viennensis,
941 912 980 976 de
993 912 1145 977 voluntate
1167 912 1226 975 doni

155 1011 230 1074 Petri
242 1011 277 1075 de
291 1011 467 1095 nmayssino,
480 1011 585 1092 recepit
600 1010 636 1074 ad
648 1009 806 1092 homagium
822 1009 918 1092 ligium
930 1022 962 1073 et
971 1008 1153 1088 fidelitatem,
1165 1010 1226 1073 salta

151 1107 283 1173 fidelitate
296 1109 405 1173 comitis
427 1108 577 1186 sabaudie,
592 1109 746 1171 iohannem
759 1106 845 1171 tilium
865 1106 988 1189 predicti
1001 1108 1088 1173 dom.
1104 1107 1178 1173 Petri
1187 1126 1227 1190 pro

153 1205 296 1269 ieudodel
311 1214 455 1291 Frayn02.
740 1264 743 1269 .
1252 1198 1255 1203 ’

199 1303 282 1365 1082.
300 1309 379 1379 item,
401 1303 488 1385 quod.
504 1302 716 1365 instrumentum
739 1301 873 1383 seriptum
892 1321 980 1365 manu
997 1303 1139 1387 Aymonis
1166 1307 1227 1365 Bur·

155 1400 248 1482 gensis
264 1400 363 1463 notarii
376 1399 453 1481 publ.
469 1400 521 1463 sub
537 1420 611 1464 anno
628 1400 682 1462 nni
699 1406 967 1477 n0ccc⁰xxx1x·,
993 1400 1045 1464 die
1071 1418 1149 1465 tumn
1161 1416 1227 1461 men-

154 1498 278 1577 sisjunii,
307 1498 454 1562 continens
477 1499 553 1580 quod
568 1498 677 1563 nobiles
692 1498 858 1581 infrascripti
886 1498 1013 1563 confessi
1040 1498 1159 1564 fuerunt
1175 1516 1228 1561 esse

154 1597 280 1661 homines
297 1597 370 1660 dom¹
395 1597 517 1679 delphini
538 1597 720 1661 Viennensis:
748 1597 839 1679 primo
866 1597 945 1661 dom.
968 1599 1137 1663 Anthaudus
1151 1594 1228 1661 nacti

56 1684 70 1709 ⁶
154 1696 243 1775 miles,
256 1697 395 1759 iohannes
412 1694 447 1757 de
465 1696 636 1771 Moresteilo,
649 1702 815 1779 Aymaretus
830 1694 978 1773 Richeimi,
1001 1697 1156 1780 Ayrmrdus
1168 1702 1228 1759 Pre·

153 1792 247 1874 positi,
260 1791 389 1854 niberms
402 1792 535 1868 Cleczuti,
549 1799 649 1855 Petrus
670 1792 819 1874 prepositi,
835 1792 1054 1859 nrthaududde
1065 1803 1225 1879 voyssenm,

154 1889 341 1973 symondetus
354 1889 390 1952 de
404 1888 766 1972 Voyssenc031aceimet‘us
777 1889 921 1967 Richelmi,
936 1892 1058 1956 nomine
1073 1912 1126 1956 suo
1140 1890 1227 1971 eteius

153 1986 260 2060 matris,
289 1985 443 2048 Guionetus
470 1984 624 2064 Richeimi3
653 1986 822 2049 Gimudetus
847 1985 920 2049 filius
934 1987 1013 2051 dom¹
1041 1989 1174 2053 Guiffredi
1198 1987 1226 2048 de

154 2088 257 2145 sancto
270 2083 382 2145 Genisio
397 2082 501 2159 militis,
517 2082 630 2146 nomine
645 2102 697 2146 suo
716 2096 744 2147 et
759 2082 826 2146 dicti
844 2082 930 2164 patris
946 2084 1021 2161 suis,
1039 2085 1180 2148 iohannes
1197 2081 1227 2143 de

155 2183 257 2241 Sancto
275 2179 441 2262 Geneyssio,
463 2186 618 2243 Peronetus
638 2179 674 2242 de
698 2187 793 2243 Monte
812 2187 922 2261 iapeto,
950 2179 1120 2243 Arthaudus
1137 2177 1224 2249 Labre,

156 2275 325 2338 Humbertus
338 2275 374 2338 de
392 2283 565 2360 voyssenco,
590 2283 755 2359 Aymaretus
769 2274 880 2351 Bolieti‚
896 2280 982 2358 Hugo
995 2276 1036 2340 de
1050 2283 1156 2341 Sancto
1165 2272 1228 2337 tioi-

155 2370 234 2448 ticio,
251 2372 400 2435 domicelli.
741 2430 744 2435 ⁴

197 2467 282 2547 1083.
314 2474 393 2547 item,
419 2468 506 2550 quod.
538 2467 750 2531 instrumentum
778 2467 823 2550 (m
857 2467 960 2551 1074),
984 2467 1036 2532 die
1049 2482 1119 2532 σαι·
1136 2464 1226 2532 mensis

153 2563 295 2641 febroarii,
311 2566 457 2629 continens
480 2566 704 2646 recognicionem
733 2565 835 2628 factam
863 2584 915 2647 per
939 2566 1128 2647 magnificum
1148 2566 1225 2629 virum

153 2662 230 2725 dom.
248 2662 431 2726 Humbettum
439 2662 475 2725 de
487 2663 595 2726 vilariis
608 2676 636 2726 et
646 2662 683 2726 de
698 2662 832 2746 Thoyria,
843 2662 890 2744 qui
902 2663 1054 2727 confessus
1069 2664 1123 2728 fuit
1136 2680 1226 2727 scenos

153 2756 292 2819 hominem
306 2758 401 2840 ligium
421 2760 469 2821 ili¹⁸
483 2759 615 2842 principis
635 2759 709 2823 dom¹
725 2760 901 2843 H(umberti)
916 2761 1045 2843 dalphini
1059 2776 1127 2826 ante
1142 2777 1226 2825 omnes

153 2870 298 2931 personas,
313 2869 431 2936 excepto
449 2856 627 2938 imperatore,
644 2870 672 2919 et
685 2856 830 2919 confessus
849 2857 901 2920 fuit
915 2876 947 2920 se
959 2870 1062 2922 tenere
1081 2859 1111 2921 in
1125 2857 1225 2922 feudum

151 2945 295 3009 franchum
306 2963 334 3012 et
345 2951 439 3014 nobile
460 2972 476 3014 a
491 2953 567 3016 dicto
581 2953 658 3015 dom.
676 2952 808 3034 dalphino
822 2953 857 3016 ad
872 2953 1035 3036 homagium
1057 2955 1156 3037 ligium
1171 2971 1226 3017 ons·

152 3054 225 3104 trum
242 3056 270 3106 et
282 3045 373 3108 viliam
389 3047 425 3109 de
438 3047 546 3111 Viiariis
570 3063 598 3112 et
620 3048 755 3131 quidquid
768 3064 811 3113 est
826 3049 896 3113 inira
917 3070 1014 3115 muros
1038 3066 1069 3116 et
1090 3051 1225 3115 orcum

154 3141 288 3204 minorem
298 3144 454 3209 dimcastri
463 3160 492 3209 et
501 3147 647 3224 vilie,item
657 3161 778 3211 castrum
786 3148 1225 3225 etvinamterritoriumetrotm

154 3239 378 3305 mandamentum
394 3243 431 3305 de
446 3251 548 3327 Loyes,
570 3244 601 3307 it.
622 3245 754 3328 poypiam
776 3245 812 3307 de
836 3244 1015 3330 Montelleys,
1045 3247 1079 3310 it.
1103 3246 1224 3330 poypian

153 3337 189 3400 de
201 3340 346 3419 montenis,
373 3340 405 3405 is.
424 3341 575 3423 donjonum
598 3342 634 3406 de
660 3344 875 3422 Moncubloncz,
902 3344 934 3407 it.
960 3357 1098 3421 castrum,
1129 3344 1223 3417 villam,

152 3434 377 3500 mandamentum
391 3451 420 3501 et
433 3439 601 3501 territorium
625 3439 661 3502 de
679 3441 812 3503 Poncins.

198 3532 281 3612 1084.
294 3540 373 3610 Item,
388 3534 473 3616 qued.
485 3536 580 3599 lietera
595 3535 668 3598 dom¹
683 3536 807 3599 officialis
821 3536 961 3619 Lugduni,
980 3536 1087 3618 scripta
1096 3536 1222 3601 subanno

154 3631 209 3693 oni
225 3638 522 3710 M⁰CCC⁰XXXV1110,
541 3653 597 3695 nno
609 3633 672 3695 idus
684 3634 762 3714 junii,
785 3653 869 3697 manu
898 3633 1030 3718 symonis
1050 3634 1087 3697 de
1112 3631 1222 3698 Marciis

153 3727 252 3789 notarii
266 3727 357 3809 pubi,
370 3729 516 3793 continens
526 3730 601 3812 quod
618 3729 694 3792 dom.
712 3737 817 3813 symon
830 3730 867 3793 de
884 3736 986 3794 Sancta
1011 3738 1118 3810 cruce,
1143 3728 1221 3795 domi·

153 3839 206 3885 nus
224 3824 376 3889 Savicniaci
392 3841 420 3891 et
432 3827 627 3891 archidiacone
651 3826 717 3910 (leg.
738 3828 834 3911 a-nus)
852 3828 1080 3909 masticonensis,
1102 3846 1221 3912 procura

193 4052 269 4109 1.En
291 4070 323 4109 m.
346 4053 446 4111 Sciatur
466 4052 507 4128 qui
529 4062 596 4110 tenet
615 4053 676 4112 dict.
699 4055 819 4112 domum:
844 4029 912 4112 tenet
930 4058 971 4112 io.
993 4056 1026 4112 de
1047 4059 1218 4127 Valenciennes,

156 4121 283 4180 habitator
296 4121 422 4181 Crimiaci.
438 4154 472 4167 —-
488 4142 512 4181 2.
528 4125 566 4180 En
580 4144 614 4183 m.
630 4124 730 4181 Sciatur
743 4125 764 4182 si
778 4124 811 4182 sit
824 4125 855 4182 de
868 4135 935 4183 terra
947 4125 1106 4188 vallisbone.
