2716 4784
608 417 745 476 -,-

139 521 273 601 scriptum
291 523 386 585 Palme
400 544 473 586 anno
486 524 573 588 Driice
589 535 726 590 incarnat.
745 537 910 606 M⁰110XLV‚
927 550 1021 597 mense
1037 533 1211 613 septembris,

136 637 177 678 nn
192 618 285 694 indit,
306 620 452 700 sigillatum
480 622 507 683 in
523 623 659 703 'pendenti
684 625 711 685 in
730 625 821 686 cerico
839 625 926 687 rubeo
950 640 977 687 et
996 646 1097 689 croceo
1124 628 1213 708 sigillo

136 718 297 796 magestatis
311 718 396 797 ipsius
413 719 596 799 imperatoris,
614 721 759 783 continens
782 721 856 801 quod
871 720 1052 784 confirmabat
1068 723 1213 803 pedagium

136 812 171 874 de
189 820 278 874 Turre
291 814 342 893 ipsi
357 815 470 877 domino
486 817 520 877 de
534 823 623 879 Turre
647 831 675 879 et
687 818 775 880 eidem
799 817 972 881 concedebat
991 819 1025 879 de
1045 839 1120 880 novo
1139 821 1214 900 quod

137 913 242 974 dictum
258 913 407 994 pedagium
422 916 515 979 levare
526 931 631 998 posset,
647 918 731 980 videl.
751 937 781 978 ιιι
792 917 896 979 solidos
906 931 934 979 et
944 937 963 978 ιι
978 917 1119 980 denarios.

181 1027 226 1070 ιι.
245 1018 322 1087 Item,
340 1012 446 1092 quodd.
464 1015 636 1096 privilegium
651 1035 814 1077 concessum
836 1035 886 1095 per
900 1016 1095 1096 imperatorem
1112 1017 1215 1077 Henri-

135 1107 1212 1192 cuntdom⁰GuidoniDalphino,dominoMontisalbani,scriptumrn⁰kalend.

135 1206 312 1286 septembris,
331 1227 404 1269 anno
425 1208 477 1272 Diri
509 1217 653 1285 nuilleio,
672 1210 750 1290 regni
771 1210 856 1290 ipsius
870 1230 943 1271 anno
960 1223 1004 1286 11⁰,
1023 1209 1170 1290 sigillatum
1187 1210 1215 1270 in

136 1304 269 1384 pendenti
287 1305 377 1386 sigillo
396 1307 555 1388 magestatis
579 1308 674 1387 ipsius,
697 1308 842 1370 continens
869 1307 943 1388 quod
974 1307 1047 1368 idem
1066 1307 1217 1386 imperator

136 1400 276 1462 concessit
292 1401 367 1462 dicto
384 1403 459 1464 dom.
476 1403 596 1464 (luidoni
611 1404 758 1484 pedagium
775 1405 803 1465 in
818 1417 909 1485 castro
929 1403 964 1464 de
984 1404 1108 1465 Nihoniis
1128 1403 1172 1464 vel
1188 1403 1216 1464 in

137 1511 231 1558 castro
246 1497 281 1559 de
298 1498 435 1575 Mollanis,
460 1499 545 1560 videl.
573 1519 601 1559 vr
624 1500 720 1561 denar.
737 1520 788 1580 pro
803 1500 924 1576 homine,
943 1519 981 1560 xn
996 1520 1046 1581 pro
1066 1499 1175 1561 animali
1189 1513 1217 1562 et
1299 1496 1302 1508 '

139 1615 169 1655 ιιι
188 1594 270 1656 solid.
288 1614 339 1674 pro
353 1597 475 1677 cadriga.

184 1711 229 1754 12.
248 1701 329 1768 ltem,
347 1695 452 1775 quodd.
471 1695 643 1776 privilegium
668 1709 824 1757 emanatum
837 1696 873 1757 ab
887 1695 1032 1757 excellenti
1050 1695 1216 1775 imperatore

136 1789 251 1851 Alberto
267 1791 380 1872 ejusque
402 1792 491 1872 sigillo
520 1813 604 1855 cereo
620 1793 648 1854 in
672 1794 802 1873 pendenti
823 1793 980 1874 sigillatum,
996 1792 1048 1853 sub
1063 1812 1135 1853 anno
1164 1785 1216 1851 orii

139 1893 317 1962 M0CCC⁰V0,
334 1889 479 1950 continens
495 1890 522 1950 in
532 1890 631 1951 effectu
656 1890 730 1970 quod
745 1890 818 1951 idem
838 1891 914 1952 dom.
938 1890 1091 1969 imperator
1102 1889 1179 1949 dedit
1188 1887 1216 1948 in

137 1985 251 2045 feudum
267 1984 613 2067 dom0iohannidalphino
627 1988 700 2049 bone
724 1987 856 2048 memorie
882 2000 1002 2048 castrum
1028 1987 1063 2048 de
1091 1985 1214 2068 Arayka‚

139 2102 203 2143 cum
221 2083 279 2161 ejus
291 2083 396 2160 juribus
410 2098 438 2146 et
452 2085 634 2165 pertinentiis,
651 2085 678 2145 in
693 2085 816 2146 feudum.

188 2201 195 2242 ι
206 2200 232 2258 3.
250 2187 329 2256 ltem,
342 2183 428 2262 quod.
441 2182 514 2243 aliud
528 2182 700 2263 privilegium
711 2182 857 2263 sigillatum
865 2182 892 2242 in
903 2180 1033 2262 pendenti
1041 2180 1130 2261 sigillo
1142 2197 1217 2241 sere·

137 2276 243 2337 nissimi
258 2277 331 2356 regis
343 2264 448 2356 karoli,
466 2280 516 2340 Dei
536 2281 623 2360 gratia
654 2280 774 2360 Ungarie
798 2279 881 2359 regis,
900 2279 1030 2358 scriptum
1061 2277 1113 2338 sub
1143 2295 1216 2337 anno

141 2368 195 2434 Diri
213 2382 442 2454 M⁰ccc0xv11⁰‚
459 2379 537 2459 regni
554 2379 741 2459 autemipsius
753 2378 876 2440 similiter
888 2385 1052 2451 annoxvn0,
1071 2375 1215 2437 continens

139 2472 358 2551 postulacionem
374 2487 402 2535 et
429 2464 642 2556 requisicionem
664 2475 784 2555 benigne
813 2468 912 2536 iactam
942 2493 992 2554 per
1006 2472 1109 2533 dictum
1135 2471 1210 2532 dom.

137 2587 234 2648 regem
260 2569 356 2630 illustri
376 2571 491 2652 principi
520 2572 595 2634 dom.
627 2572 745 2634 iohanni
764 2571 895 2650 dalphino
914 2567 1075 2643 Viennensi,
1110 2568 1145 2629 de
1159 2587 1215 2629 uno

137 2664 257 2726 liliorum
271 2685 382 2727 suorum
394 2681 423 2728 ut
436 2668 526 2748 ipsum
543 2669 570 2730 in
587 2688 674 2749 regno
685 2688 736 2729 suo
748 2667 919 2748 provideret.

187 2783 231 2841 ¹4·
252 2771 331 2837 ltem,
350 2764 435 2844 quod.
452 2765 525 2826 aliud
542 2765 714 2846 privilegium
731 2785 746 2824 a
764 2763 940 2837 serenissimo
957 2764 1124 2843 imperatore
1141 2767 1213 2822 Fre-

139 2859 233 2921 delico
250 2873 406 2921 emanatum
435 2862 549 2942 ejusque
576 2881 643 2923 vero
665 2859 754 2940 sigillo
767 2879 849 2921 cereo
873 2860 900 2921 in
913 2859 1044 2941 pendenti
1055 2859 1213 2940 sigillatum,

139 2956 274 3036 scriptum
288 2977 338 3037 per
352 2958 515 3019 Nicholaum
530 2959 565 3020 de
583 2966 675 3019 Rocca
691 2958 851 3038 magestatis
867 2957 1042 3037 imperatorie
1059 2955 1213 3032 notarium,

138 3053 192 3114 sub
213 3075 286 3115 anno
318 3054 415 3138 [inice
434 3062 577 3117 lucamac.
607 3061 847 3129 M⁰CC⁰XLV1110,
869 3073 964 3116 mense
986 3053 1148 3130 novenbris,
1162 3071 1215 3112 vne

139 3150 236 3226 indit,
251 3152 395 3213 continens
411 3152 438 3213 in
453 3152 552 3213 ellectu
570 3153 643 3232 quod
671 3153 730 3232 ipse
760 3151 835 3212 dom.
862 3151 1010 3231 imperator
1037 3150 1113 3212 dedit
1138 3149 1216 3209 dom⁰

139 3248 261 3328 Guigoni
280 3247 410 3328 dalphino
427 3248 546 3310 condam
573 3249 608 3310 de
631 3268 723 3310 annuo
747 3248 831 3309 leudo
849 3261 1049 3309 trescentarum
1073 3246 1216 3307 unciarum

89 3364 91 3368 ⁴
139 3345 200 3407 auri
217 3345 457 3425 percipiendarum
485 3346 520 3407 de
549 3365 659 3408 camera
688 3365 737 3408 sua
752 3344 866 3425 singulis
878 3342 965 3405 amnis
979 3343 1006 3404 in
1020 3344 1091 3405 festo
1111 3349 1216 3402 Resur-

139 3443 264 3505 rexionis
280 3443 433 3505 Dominice.

187 3560 194 3600 1
207 3559 231 3619 ς.
248 3546 316 3600 ltem
332 3541 418 3621 quod.
430 3540 502 3603 aliud
518 3540 691 3622 privilegium
701 3561 717 3603 a
727 3540 903 3602 serenissimo
913 3539 1079 3620 imperatore
1093 3535 1216 3598 Alionsio

141 3646 333 3699 Romanorum
348 3659 414 3720 rege
428 3659 538 3720 semper
551 3653 669 3720 augusto
683 3656 817 3700 concesso
833 3637 897 3718 (leg.
917 3636 1020 3715 c-sum)
1045 3634 1105 3696 viro
1131 3632 1216 3694 nobili

141 3735 259 3797 Alberto
272 3735 307 3798 de
322 3743 411 3798 Turre
426 3736 550 3812 domino,
568 3751 598 3798 ut
612 3737 739 3799 advitam
753 3754 829 3797 suam
847 3733 882 3795 sit
895 3731 1001 3812 dapifer
1014 3730 1110 3811 ipsius,
1127 3730 1217 3810 scrip-

137 3847 199 3894 tum
215 3850 298 3891 manu
314 3832 450 3894 Guillelmi
476 3832 586 3895 Martini
602 3832 702 3894 notarii
732 3830 856 3911 ejusdem
871 3829 947 3890 dom.
965 3828 1148 3909 imperatoris,
1164 3826 1216 3889 sub

137 3947 215 3990 anno
233 3924 288 3990 ofii
305 3929 532 4010 M⁰CC⁰(LVll⁰).

186 4026 231 4087 16.
250 4035 328 4101 item,
351 4027 469 4108 quedam
499 4026 594 4088 lictere
611 4026 646 4086 ab
677 4024 858 4087 illustrissimo
883 4024 1049 4105 imperatore
1074 4021 1217 4083 Ludovico

139 4124 192 4186 Dei
206 4124 295 4204 gratia
312 4131 498 4186 Romanorum
513 4143 579 4204 rege
594 4136 731 4198 emanata,
750 4121 839 4201 sigillo
856 4121 941 4202 ipsius
956 4121 983 4183 in
997 4119 1128 4201 pendenti
1144 4117 1217 4197 sigil-
