2716 4784
569 346 763 471 4-185-

133 519 267 601 dalphino
280 532 345 581 ante
359 538 457 582 omnes
470 519 595 582 homines
616 534 644 582 et
659 539 805 601 personas,
823 541 920 584 omnes
934 541 990 595 res,
1013 520 1215 600 possessiones,

134 617 222 691 bona,
240 635 352 692 census,
368 617 486 679 servicia
501 631 529 679 et
545 618 603 697 jura
628 637 803 701 quecumque
826 639 881 700 que
902 619 962 698 ipse
978 630 1066 694 tenet,
1087 616 1170 678 habet
1189 629 1218 678 et

134 714 261 796 possidet
273 714 302 775 in
318 726 378 776 toto
393 714 588 777 mandamento
600 716 703 778 hlontis
717 716 842 798 Luppelli
866 730 895 779 et
921 715 985 778 olim
997 715 1025 776 in
1042 712 1217 795 pertinentiis

135 814 249 889 Giriaci,
269 826 297 875 et
311 813 390 894 plura
409 813 499 875 aliain
509 813 585 876 dicto
598 813 691 876 instr1⁰
707 827 848 877 contenta.

181 912 266 990 1048.
284 918 364 986 Item,
376 909 462 991 quod.
480 909 516 972 al.
532 910 743 973 instrumentum
758 911 802 993 (ut
815 911 899 994 989),
916 910 961 973 die
975 924 1006 972 na
1022 909 1124 972 mensis
1140 929 1218 972 mar-

134 1007 182 1083 cii,
201 1007 347 1069 continens
368 1005 443 1089 quod
465 1006 635 1071 Humbertus
658 1009 693 1071 de
717 1010 832 1092 Saysieu
849 1009 1011 1072 domicellus
1033 1008 1099 1071 lecit
1114 1009 1216 1070 homa-

135 1103 211 1186 gium
226 1103 321 1185 ligium
336 1102 371 1166 de
394 1122 514 1185 persona
537 1105 572 1167 illi
586 1105 704 1187 principi
714 1106 793 1168 dom⁰
808 1120 905 1169 nostro
918 1105 947 1169 d.
966 1103 1120 1168 Humberto
1136 1105 1219 1168 Vien-

135 1201 216 1263 nensi
233 1200 377 1282 dalphino‚
392 1214 419 1263 et
431 1201 558 1283 promisit
572 1215 600 1264 et
615 1203 716 1282 juravit
729 1223 791 1267 esse
807 1204 897 1266 bonus
916 1216 945 1267 et
958 1201 1057 1265 fidelis.

182 1315 267 1379 1049.
285 1305 365 1374 item,
380 1298 465 1380 quod.
482 1298 559 1381 publ.
572 1299 784 1363 instrumentum
805 1300 937 1383 scriptum
963 1320 1046 1363 manu
1062 1298 1168 1363 hiberti
1183 1299 1219 1362 de

137 1394 251 1478 Brayda
277 1393 376 1456 notarii
400 1394 478 1475 publ.
497 1394 548 1457 sub
563 1415 636 1457 anno
655 1397 709 1460 Diri
725 1403 918 1472 Mocccutto,
946 1396 1006 1459 scil.
1035 1395 1080 1458 die
1107 1394 1219 1458 veneris

135 1505 202 1573 post
217 1490 317 1554 festum
328 1491 472 1554 beatorum
482 1492 578 1555 Jacobi
589 1507 617 1555 et
626 1493 790 1574 xpistolori‚
802 1493 949 1557 continens
958 1492 1034 1575 quod
1044 1492 1173 1555 Albertus
1184 1492 1220 1555 de

138 1594 229 1649 Heres
241 1586 414 1664 domicellus,
428 1587 463 1649 ad
478 1588 683 1670 requisitionem
698 1589 745 1652 ill¹⁸
764 1590 895 1671 principis
908 1589 981 1652 dom¹
996 1589 1142 1652 Humberti
1151 1589 1220 1668 dal-

138 1684 215 1766 phini
228 1684 403 1759 Viennensis,
417 1686 549 1748 convenit
563 1699 591 1748 et
606 1685 732 1767 promisit
746 1686 820 1748 bona
842 1685 899 1748 lide
915 1685 995 1747 dom0
1021 1685 1153 1768 dalphino
1167 1687 1220 1750 sti-

135 1782 242 1864 pulanti
257 1766 308 1862 pro
324 1800 354 1844 se
364 1794 392 1844 et
402 1782 459 1848 suis
468 1784 543 1865 quod
561 1782 795 1866 quandocumque
811 1802 863 1865 per
883 1783 987 1846 dictum
1006 1782 1036 1846 d.
1059 1782 1219 1865 dalphinum

136 1882 182 1944 vel
200 1881 318 1961 aliquem
331 1881 390 1962 ejus
399 1883 511 1945 nomine
533 1882 624 1946 eidem
641 1883 754 1945 hlberto
779 1883 861 1946 fuerit
881 1882 1063 1958 satisfactum,
1079 1882 1166 1946 videl.
1183 1883 1219 1947 de

137 1993 188 2041 mra
201 1978 276 2041 libris
287 1993 398 2043 monete
410 1980 557 2057 currentis,
575 1979 663 2062 quod.
673 1980 754 2048 ,dicto
778 1980 854 2044 dom.
880 1979 1013 2061 dalphino
1026 1979 1071 2043 vel
1095 1980 1152 2043 suis
1174 1980 1220 2044 vel
1287 1990 1289 1994 ’

137 2095 235 2139 eorum
248 2076 360 2158 speciali
372 2078 503 2141 mandato
515 2078 687 2160 integraliter
702 2077 801 2141 reddet
815 2091 844 2142 et
859 2078 985 2140 restituet
995 2090 1085 2140 totum
1101 2077 1129 2140 id
1141 2078 1219 2161 quod

137 2187 215 2237 tenet
226 2173 300 2255 apud
314 2181 403 2237 Heres
416 2173 468 2237 sibi
481 2174 594 2238 hiberto
617 2175 769 2257 obligatum
784 2195 835 2257 per
847 2175 1003 2257 predictum
1018 2175 1047 2239 d.
1059 2175 1219 2258 dalphinum

139 2272 334 2354 qualicumque
357 2271 393 2333 de
416 2291 511 2349 causa,
527 2286 556 2335 et
581 2272 682 2336 deinde
707 2272 826 2335 reddere
848 2287 876 2336 et
889 2273 1034 2336 restituere
1047 2272 1122 2336 dicto
1140 2273 1218 2336 dom.

99 2436 104 2445 ,
139 2371 272 2453 dalphino
284 2371 329 2433 vel
343 2370 402 2451 ejus
418 2383 495 2434 certo
508 2370 746 2433 mandato'omnia
760 2371 942 2433 instrumenta
967 2370 1026 2432 sive
1045 2369 1150 2432 litteras
1166 2390 1221 2453 que

143 2483 171 2532 et
184 2488 253 2550 quas
268 2468 352 2530 habet
363 2488 450 2549 penes
466 2488 497 2531 se
514 2467 587 2530 idem
603 2468 731 2531 hlbertus
749 2479 770 2530 ¹.
789 2503 827 2516 —
853 2486 939 2548 ¹⁰50·
969 2474 1049 2543 Item,
1067 2465 1155 2548 quod.
1181 2466 1219 2530 al.

121 2609 123 2611 >
143 2567 356 2629 instrumentum
376 2566 509 2648 scriptum
519 2565 610 2629 'simul
625 2565 653 2627 in
670 2564 755 2647 quad.
771 2564 843 2647 pelle
857 2583 940 2626 manu
961 2563 1003 2646 (ut
1015 2562 1152 2646 praeeat),
1176 2562 1221 2627 die

141 2679 202 2727 n1x³
216 2663 319 2726 mensis
333 2664 437 2745 aprilis,
453 2664 600 2727 continens
619 2662 694 2746 quod
717 2662 843 2724 Andreas
858 2662 893 2724 de
909 2661 1002 2723 Locha
1017 2659 1180 2724 domicellus
1192 2659 1220 2724 in

140 2762 286 2844 presencia
315 2761 368 2824 mei
390 2761 501 2839 notarii,
525 2760 560 2822 ad
589 2759 801 2843 requisicionem
822 2759 869 2821 ipa
887 2758 1019 2841 principis
1038 2757 1111 2820 dom¹
1133 2758 1220 2822 nostri

143 2859 289 2923 Humberti
302 2857 437 2941 dalphini‚
455 2859 491 2922 de
505 2858 580 2921 omni
595 2878 630 2922 eo
645 2856 681 2920 de
690 2879 747 2941 quo
769 2857 860 2939 ipsum
873 2855 1012 2919 Andream
1025 2855 1219 2940 qualicumque

142 2957 179 3020 de
192 2976 276 3019 causa
291 2955 431 3038 appellare
445 2955 529 3019 vellet
540 2954 622 3038 (....)
638 2967 662 3018 ².

144 3098 146 3101 -
187 3072 271 3136 ¹05¹·
302 3060 381 3131 item,
408 3052 495 3135 quod.
515 3053 552 3116 al.
578 3052 791 3115 instrumentum
818 3049 951 3132 scriptum
983 3069 1066 3113 manu
1088 3048 1221 3113 iohannis

143 3149 282 3232 Cymondi
298 3149 402 3212 notarii
422 3150 500 3232 publ.
528 3149 579 3214 sub
605 3170 679 3213 anno
711 3149 765 3213 uni
789 3155 1055 3226 u⁰ccc⁰xxxlx⁰,
1082 3147 1127 3210 die
1153 3158 1221 3208 xxv·

142 3247 246 3310 mensis
256 3247 335 3327 junii,
350 3246 495 3310 continens
509 3247 584 3329 quod
600 3247 754 3310 Guionetus
768 3246 803 3309 de
815 3247 1000 3310 Machimiaco
1012 3260 1040 3309 et
1056 3244 1220 3326 Hugoninus

143 3343 179 3406 de
196 3343 398 3427 Maychimiaco
422 3343 559 3408 domicelli
586 3342 705 3407 confessi
732 3344 843 3407 luerunt
870 3364 901 3406 se
928 3362 990 3406 esse
1013 3342 1139 3406 homines
1164 3339 1220 3422 ligii

143 3440 248 3503 domini
261 3440 349 3503 nostri
363 3439 484 3522 dalphini
502 3455 530 3503 et
547 3439 637 3504 eidem
652 3441 805 3522 prestitisse
817 3440 987 3522 homagium.

188 3555 273 3620 1052.
291 3546 370 3616 item,
388 3550 507 3621 quatuor
519 3539 701 3602 instrumenta
718 3538 795 3620 publ.
811 3538 839 3601 in
861 3559 916 3601 una
930 3538 1002 3620 pelle
1017 3538 1119 3620 scripta
1136 3555 1219 3599 manu

143 3635 248 3698 hiberti
270 3635 306 3698 de
329 3634 440 3718 Brayda
456 3636 555 3700 notarii
570 3636 646 3718 publ.
674 3636 726 3698 sub
741 3654 814 3698 anno
830 3636 883 3698 uni
899 3641 1102 3714 ramocurth,
1121 3634 1166 3697 die
1177 3647 1220 3697 x1²

143 3733 246 3796 mensis
254 3733 333 3815 junii,
349 3733 519 3796 continentia
538 3731 667 3815 homagia
689 3732 807 3813 prestita
826 3733 904 3794 dom⁰
919 3747 1016 3797 nostro
1028 3731 1159 3815 dalphino
1168 3750 1220 3815 per

186 3935 209 3972 t.
234 3918 272 3972 En
296 3936 328 3974 nr.
345 3917 424 3975 Heres
437 3917 511 3974 situm
535 3917 558 3974 in
580 3917 753 3975 mandamento
773 3915 889 3975 Crimiaci
910 3928 936 3976 et
957 3917 1070 3974 uideatur
1087 3918 1108 3975 si
1121 3919 1220 3976 luerunt

147 3988 396 4068 redemptapredicta
410 4008 417 4060 ;
434 3988 535 4045 mitatur
549 3988 683 4047 castellano
696 3989 763 4064 quod
778 4006 805 4044 se
819 3989 932 4046 informet
955 3988 996 4064 qui
1011 3998 1077 4045 tenet
1091 3991 1218 4062 predicta;

147 4057 241 4183 sciatpr
264 4077 285 4116 ει
307 4059 341 4115 sit
361 4058 383 4115 in
407 4069 474 4117 terra
496 4059 648 4117 Vallisbone.
674 4089 706 4101 α
733 4076 757 4115 2.
774 4060 812 4115 En
827 4078 860 4118 nr.
876 4060 914 4116 De
927 4058 1059 4119 Vienuesio
1073 4069 1151 4117 estet
1164 4059 1218 4118 ideo

147 4145 210 4185 vaca
226 4172 232 4185 .
958 4148 963 4159 ¹
