2716 4784
590 356 768 419 ..1⁶⁶-

182 508 252 571 950.
280 496 359 564 ltem,
378 488 465 570 quod.
492 487 569 570 publ.
589 488 801 551 instrumentum
827 487 962 568 scriptum
984 504 1074 549 manu
1096 482 1220 547 lobannis

142 587 241 655 notarii
256 587 329 650 dom'
348 586 532 667 imperatoris,
549 584 601 648 sub
613 604 687 647 anno
707 583 761 647 nni
776 586 959 661 tt⁰11⁶uxv⁰‚
975 582 1023 647 die
1037 601 1069 644 rx
1083 591 1219 645 exceumte

141 688 257 761 marcio,
268 685 413 748 continens
423 683 498 765 quod
513 683 604 763 Guigo
618 682 753 745 Artboudi
766 694 795 744 et
809 680 957 743 Guillelma
969 680 1033 759 ejus
1044 696 1121 741 uxor
1132 674 1219 739 rendi

142 787 242 849 derunt
255 785 335 846 dom0
348 790 433 846 Petro
446 781 569 858 nurucii,
581 780 693 844 domino
710 779 813 844 Montis
830 779 951 857 Bonodi,
965 798 985 840 u
1001 777 1124 843 sestaria
1139 792 1218 838 areos

144 901 244 944 census
261 880 355 962 precio
366 898 410 941 uvi
423 878 504 941 solid.

185 997 219 1058 95
230 999 254 1041 1.
274 985 354 1053 ltem,
369 975 453 1057 qued.
470 975 559 1037 littera
574 973 691 1056 sigillata
711 974 801 1055 sigillo
816 973 889 1036 dom'
904 971 1079 1056 G<uigonis)
1093 966 1214 1051 delpb'mi,

144 1076 247 1158 scripta
270 1093 343 1136 anno
364 1072 417 1135 Diri
438 1073 555 1147 lll⁰ll⁰L,
573 1080 625 1133 νιιο
639 1071 753 1135 kalend.
775 1069 947 1145 novembris,
976 1068 1133 1131 continens
1152 1068 1215 1149 quod

142 1174 216 1237 idem
230 1172 307 1234 dom.
322 1169 468 1251 delphinus
491 1166 595 1249 recepit
611 1168 751 1229 dominam
773 1167 857 1230 Vallis
879 1166 1032 1231 Bonesiam
1048 1184 1117 1231 cum
1138 1179 1215 1228 costo

144 1291 196 1333 suo
211 1270 293 1333 Gerie
307 1268 334 1329 in
347 1286 398 1329 sua
412 1267 488 1327 salva
502 1265 588 1346 garda
603 1279 631 1327 et
649 1265 783 1327 condutu.

186 1383 255 1445 952·
280 1372 359 1439 ltem,
383 1361 468 1443 quod.
489 1362 566 1443 publ.
592 1362 804 1425 instrumentum
822 1360 955 1442 scriptum
978 1379 1070 1423 manu
1095 1358 1168 1423 Petn‘
1186 1358 1214 1420 de

147 1463 249 1538 Portis,
269 1460 321 1522 sub
344 1477 417 1521 anno
436 1458 489 1519 uni
507 1458 820 1535 M⁰11⁰LXX11⁰,indic.
838 1476 886 1533 xv,
907 1466 949 1518 vr⁰
969 1456 1092 1521 kalend.
1117 1475 1214 1520 norem

144 1561 212 1633 bris,
222 1557 366 1621 continens
379 1555 454 1637 quod
472 1562 554 1635 liugo
572 1555 702 1618 Bertonis
716 1555 751 1617 de
762 1561 864 1617 Sancto
877 1554 1033 1616 Laurentio
1047 1554 1087 1617 de
1102 1552 1213 1617 baculus

144 1658 288 1722 confessus
304 1655 354 1716 luit
368 1653 497 1715 babuisse
510 1651 546 1714 ab
565 1652 601 1713 ill¹
620 1652 696 1715 dom.
716 1650 872 1734 B<eatrice)
884 1650 1020 1732 dalpbiba
1033 1650 1182 1715 Viennensi
1191 1669 1211 1711 ι.

145 1753 228 1816 libras
244 1751 379 1813 Viennen.
397 1767 447 1830 pro
463 1747 607 1829 questione
621 1748 647 1809 in
662 1762 741 1829 parte
755 1767 837 1830 quam
851 1746 974 1811 babebat
990 1749 1021 1811 in
1034 1749 1123 1832 layda
1136 1746 1212 1809 sanoti

147 1846 286 1912 Laurentii
301 1844 428 1927 predicti,
447 1864 499 1925 pro
512 1845 612 1926 quibus
627 1864 654 1906 ι.
669 1844 746 1907 libris
766 1844 940 1927 questionem
956 1865 1045 1927 quam
1062 1843 1212 1909 habebatis

147 1945 220 2007 dicta
235 1943 316 2027 layda
331 1944 404 2006 dicte
418 1941 530 2004 domine
542 1941 624 2004 solvit
638 1956 666 2004 et
679 1941 817 2023 quittavit.

185 2060 254 2122 953.
275 2049 354 2117 ltem,
376 2041 461 2122 quod.
491 2040 569 2121 publ.
590 2040 802 2102 instrumentum
830 2038 962 2120 scriptum
988 2060 1077 2103 manu
1098 2040 1213 2105 lobannis

147 2139 257 2215 notarii,
276 2138 328 2200 sub
343 2157 416 2201 anno
438 2137 491 2199 Diri
507 2139 676 2214 m⁰11⁶va,
700 2150 740 2199 rx·
763 2136 809 2199 die
835 2135 956 2199 intrante
977 2156 1080 2201 mense
1107 2139 1212 2221 augusti,

147 2235 292 2299 continens
306 2234 466 2296 fidelitatem
486 2233 628 2315 prestitam
651 2233 731 2296 dom⁰
755 2239 839 2297 Petro
855 2232 968 2297 Aurucii
988 2254 1042 2317 per
1063 2242 1213 2301 Jaconetuu

144 2332 228 2395 filium
245 2338 279 2394 P.
296 2331 444 2394 Guillelmi.
475 2362 481 2383 :

184 2448 252 2511 954.
279 2436 359 2505 ltem,
384 2427 470 2509 quod.
490 2427 568 2509 publ.
589 2426 801 2489 instrumentum
815 2425 948 2508 scriptum
964 2446 1053 2491 manu
1069 2430 1147 2493 Petri
1158 2437 1214 2491 llor-

143 2525 221 2590 selmi
234 2525 345 2601 notarii,
359 2525 411 2587 sub
424 2543 497 2587 anno
514 2523 566 2584 Diri
580 2522 952 2602 M011⁶val⁰,indiet.rr⁸,
967 2537 1011 2585 uta
1024 2524 1073 2589 die
1083 2540 1214 2591 meeumte

141 2623 282 2699 febroarii,
296 2623 441 2686 continens
458 2621 533 2704 quod
550 2627 650 2683 Petrus
665 2621 791 2698 Roberti,
815 2640 899 2703 super
914 2622 1049 2687 omnibus
1070 2624 1155 2688 bonis
1169 2622 1215 2687 tuis

142 2740 197 2803 que
223 2719 406 2783 confitebatur
423 2720 518 2782 tene're
539 2738 556 2780 a
576 2719 657 2781 dom0
668 2724 702 2782 Ρ.
722 2718 845 2795 Aurucii,
863 2719 991 2783 vendidit
1005 2720 1102 2785 eidem
1115 2721 1213 2784 domn

142 2817 287 2879 sestarium
301 2816 358 2878 vini
370 2817 430 2898 puri
447 2834 547 2878 census
562 2815 657 2898 precio
673 2835 710 2877 ιι
722 2816 804 2878 solid.

180 2932 199 2995 9
205 2932 250 2993 55.
264 2920 343 2989 Item,
362 2913 399 2974 al.
417 2912 493 2993 publ.
507 2914 719 2977 instrumentum
730 2914 863 2996 scriptum
887 2933 970 2979 manu
991 2915 1073 2978 Petri
1088 2914 1214 2979 Guillelmi

141 3009 250 3085 notarii,
268 3010 320 3072 sub
337 3010 784 3088 annonnim011⁶xxxv11⁰,v0
801 3012 914 3075 kalend.
931 3013 1056 3094 augusti,
1069 3014 1214 3078 'continens

140 3107 215 3190 quod
234 3107 376 3185 Vimanus,
395 3107 467 3170 lilius
489 3108 606 3171 condam
630 3109 705 3171 Petri
730 3108 853 3192 nynardi
875 3109 911 3170 de
936 3109 1099 3173 Bucurione
1120 3110 1212 3185 militis,

140 3205 217 3268 dedit
231 3206 311 3268 dom0
327 3206 447 3269 Berlioni
464 3206 499 3268 de
514 3212 688 3269 castronovo
704 3225 712 3267 1
728 3207 873 3269 sestarium
886 3207 1018 3271 frumenti
1034 3227 1140 3273 census
1149 3222 1177 3273 et
1189 3225 1213 3269 ur

140 3303 221 3366 solid.
239 3304 274 3367 de
290 3304 402 3385 placito,
420 3322 473 3385 que
489 3303 555 3365 iacit
577 3303 736 3366 Bernardus
754 3310 841 3385 Grep,
866 3304 931 3367 item
956 3304 1036 3368 dedit
1063 3306 1158 3369 eidem
1178 3305 1214 3385 jus

141 3414 170 3463 et
185 3400 335 3463 dominium
350 3399 425 3482 quod
446 3398 567 3462 habebat
581 3399 609 3461 in
630 3412 791 3463 tenemento
805 3401 941 3464 Berlionis
955 3402 1074 3485 Tayllae
1092 3418 1123 3468 et
1137 3402 1211 3486 qued.

141 3497 193 3559 alia
208 3510 338 3560 contenta
352 3497 380 3559 in
395 3497 455 3578 ipso
465 3496 565 3558 instro.

180 3595 249 3677 956.
262 3603 342 3673 ltem,
355 3594 441 3676 quod.
451 3594 528 3676 publ.
540 3593 751 3658 instrumentum
765 3594 898 3677 scriptum
907 3614 990 3657 manu
1002 3596 1095 3659 Chabi
1109 3596 1209 3671 notarii,

140 3692 193 3755 sub
205 3712 278 3754 anno
294 3698 522 3765 Moll⁰LXX1110‚
545 3690 590 3752 die
612 3710 661 3753 xur
676 3706 821 3756 exceumte
835 3712 930 3755 mense
947 3693 1056 3769 marcii,
1076 3696 1211 3759 continens

140 3788 215 3869 quod
241 3789 402 3852 Guillelmus
419 3788 565 3851 chalniesii
592 3787 627 3850 de
640 3788 836 3870 Gracionopoli
853 3789 931 3852 dedit
955 3788 1084 3854 Siboudo
1101 3791 1138 3857 de
1152 3797 1210 3855 Cas·

139 3899 259 3948 tronovo
270 3886 399 3969 quicquid
411 3885 532 3948 babebat
541 3886 570 3947 in
578 3884 723 3966 parrochia
737 3885 829 3949 sancti
844 3884 955 3949 Martini
970 3887 1080 3951 Vinosi.

175 3999 244 4063 957.
262 3988 341 4059 Item,
356 3982 440 4064 qued.
456 3981 567 4044 modica
581 3981 671 4046 littera
683 3982 786 4064 scripta
795 3982 847 4045 sub
860 4002 934 4045 anno
950 3983 1204 4057 Dnimolttxutxr,

139 4098 228 4143 nonas
246 4079 346 4157 martii,
369 4080 514 4143 continens
532 4081 607 4161 quod
636 4080 797 4144 Guillelmus
816 4080 852 4143 de
879 4081 959 4144 Vado
982 4082 1205 4149 confitebaturse
