<?xml version="1.0" encoding="UTF-8"?>
<!DOCTYPE html PUBLIC "-//W3C//DTD XHTML 1.0 Transitional//EN"
    "http://www.w3.org/TR/xhtml1/DTD/xhtml1-transitional.dtd">
<html xmlns="http://www.w3.org/1999/xhtml" xml:lang="en" lang="en">
 <head>
  <title>
</title>
<meta http-equiv="Content-Type" content="text/html;charset=utf-8" />
  <meta name='ocr-system' content='tesseract 3.04.00' />
  <meta name='ocr-capabilities' content='ocr_page ocr_carea ocr_par ocr_line ocrx_word'/>
</head>
<body>
  <div class='ocr_page' id='page_1' title='image "./inventairedesar01glgoog/inventairedesar01glgoog_0276.png"; bbox 0 0 2716 4784; ppageno 0'>
   <div class='ocr_carea' id='block_1_1' title="bbox 514 418 692 481">
    <p class='ocr_par' dir='ltr' id='par_1_1' title="bbox 514 418 692 481">
     <span class='ocr_line' id='line_1_1' title="bbox 514 418 692 481; baseline 0 -34"><span class='ocrx_word' id='word_1_1' title='bbox 514 418 692 481; x_wconf 49' lang='grc' dir='ltr'>,ψ</span> 
     </span>
    </p>
   </div>
   <div class='ocr_carea' id='block_1_2' title="bbox 59 533 1141 908">
    <p class='ocr_par' dir='ltr' id='par_1_2' title="bbox 59 533 1141 908">
     <span class='ocr_line' id='line_1_2' title="bbox 102 533 1140 646; baseline 0.003 -54"><span class='ocrx_word' id='word_1_2' title='bbox 102 538 171 594; x_wconf 87' lang='lat' dir='ltr'>sunt</span> <span class='ocrx_word' id='word_1_3' title='bbox 184 533 266 596; x_wconf 91' lang='lat' dir='ltr'>etiam</span> <span class='ocrx_word' id='word_1_4' title='bbox 281 534 398 646; x_wconf 91' lang='lat' dir='ltr'>plurima</span> <span class='ocrx_word' id='word_1_5' title='bbox 412 534 464 596; x_wconf 87' lang='lat' dir='ltr'>alia</span> <span class='ocrx_word' id='word_1_6' title='bbox 478 534 660 597; x_wconf 88' lang='lat' dir='ltr'>instrumenta</span> <span class='ocrx_word' id='word_1_7' title='bbox 677 534 747 596; x_wconf 90' lang='lat' dir='ltr'>iufra</span> <span class='ocrx_word' id='word_1_8' title='bbox 767 533 915 615; x_wconf 79' lang='lat' dir='ltr'><strong>hospitium</strong></span> <span class='ocrx_word' id='word_1_9' title='bbox 930 534 1005 596; x_wconf 90' lang='lat' dir='ltr'>curie</span> <span class='ocrx_word' id='word_1_10' title='bbox 1022 535 1092 595; x_wconf 80' lang='lat' dir='ltr'>Buxi</span> <span class='ocrx_word' id='word_1_11' title='bbox 1111 535 1140 595; x_wconf 92' lang='lat' dir='ltr'>in</span> 
     </span>
     <span class='ocr_line' id='line_1_3' title="bbox 59 631 1140 715; baseline 0.003 -23"><span class='ocrx_word' id='word_1_12' title='bbox 59 644 123 694; x_wconf 92' lang='lat' dir='ltr'>cust</span> <span class='ocrx_word' id='word_1_13' title='bbox 111 631 187 694; x_wconf 90' lang='lat' dir='ltr'>todia</span> <span class='ocrx_word' id='word_1_14' title='bbox 213 631 267 696; x_wconf 90' lang='lat' dir='ltr'>mei</span> <span class='ocrx_word' id='word_1_15' title='bbox 289 633 376 714; x_wconf 88' lang='lat' dir='ltr'>ipsius</span> <span class='ocrx_word' id='word_1_16' title='bbox 390 633 526 711; x_wconf 79' lang='lat' dir='ltr'>notberti,</span> <span class='ocrx_word' id='word_1_17' title='bbox 550 633 697 715; x_wconf 87' lang='lat' dir='ltr'>tangencia</span> <span class='ocrx_word' id='word_1_18' title='bbox 716 646 780 699; x_wconf 90' lang='lat' dir='ltr'>tam</span> <span class='ocrx_word' id='word_1_19' title='bbox 794 634 895 695; x_wconf 88' lang='lat' dir='ltr'>factum</span> <span class='ocrx_word' id='word_1_20' title='bbox 921 632 1031 701; x_wconf 76' lang='lat' dir='ltr'>nvisani</span> <span class='ocrx_word' id='word_1_21' title='bbox 1057 651 1140 714; x_wconf 88' lang='lat' dir='ltr'>quam</span> 
     </span>
     <span class='ocr_line' id='line_1_4' title="bbox 59 727 1141 793; baseline 0.005 -5"><span class='ocrx_word' id='word_1_22' title='bbox 59 727 239 789; x_wconf 84' lang='lat' dir='ltr'>concordiam</span> <span class='ocrx_word' id='word_1_23' title='bbox 250 728 351 792; x_wconf 88' lang='lat' dir='ltr'>factam</span> <span class='ocrx_word' id='word_1_24' title='bbox 366 748 428 792; x_wconf 93' lang='lat' dir='ltr'>cum</span> <span class='ocrx_word' id='word_1_25' title='bbox 443 729 583 793; x_wconf 84' lang='lat' dir='ltr'>abbatissa</span> <span class='ocrx_word' id='word_1_26' title='bbox 599 729 752 793; x_wconf 82' lang='lat' dir='ltr'>Arelatensi</span> <span class='ocrx_word' id='word_1_27' title='bbox 762 743 790 793; x_wconf 90' lang='lat' dir='ltr'>et</span> <span class='ocrx_word' id='word_1_28' title='bbox 804 730 954 793; x_wconf 87' lang='lat' dir='ltr'>solutiones</span> <span class='ocrx_word' id='word_1_29' title='bbox 967 744 995 793; x_wconf 90' lang='lat' dir='ltr'>et</span> <span class='ocrx_word' id='word_1_30' title='bbox 1008 729 1141 793; x_wconf 85' lang='lat' dir='ltr'>emendas</span> 
     </span>
     <span class='ocr_line' id='line_1_5' title="bbox 61 807 1141 908; baseline 0.002 -22"><span class='ocrx_word' id='word_1_31' title='bbox 61 824 97 887; x_wconf 90' lang='lat' dir='ltr'>de</span> <span class='ocrx_word' id='word_1_32' title='bbox 112 824 251 888; x_wconf 82' lang='lat' dir='ltr'>forefactis</span> <span class='ocrx_word' id='word_1_33' title='bbox 268 839 296 888; x_wconf 89' lang='lat' dir='ltr'>et</span> <span class='ocrx_word' id='word_1_34' title='bbox 310 826 411 889; x_wconf 95' lang='lat' dir='ltr'>debitis</span> <span class='ocrx_word' id='word_1_35' title='bbox 426 826 530 889; x_wconf 92' lang='lat' dir='ltr'>domini</span> <span class='ocrx_word' id='word_1_36' title='bbox 546 826 581 889; x_wconf 90' lang='lat' dir='ltr'>de</span> <span class='ocrx_word' id='word_1_37' title='bbox 596 826 711 888; x_wconf 88' lang='lat' dir='ltr'>Lunello</span> <span class='ocrx_word' id='word_1_38' title='bbox 724 840 752 889; x_wconf 90' lang='lat' dir='ltr'>et</span> <span class='ocrx_word' id='word_1_39' title='bbox 766 807 833 889; x_wconf 84' lang='lat' dir='ltr'>alias</span> <span class='ocrx_word' id='word_1_40' title='bbox 852 826 977 891; x_wconf 86' lang='lat' dir='ltr'>diversas</span> <span class='ocrx_word' id='word_1_41' title='bbox 990 827 1141 908; x_wconf 87' lang='lat' dir='ltr'>antiquita-</span> 
     </span>
    </p>
   </div>
   <div class='ocr_carea' id='block_1_3' title="bbox 58 922 1151 4221">
    <p class='ocr_par' dir='ltr' id='par_1_3' title="bbox 58 922 1151 4221">
     <span class='ocr_line' id='line_1_6' title="bbox 58 922 1142 1006; baseline 0.001 -22"><span class='ocrx_word' id='word_1_42' title='bbox 58 934 104 984; x_wconf 92' lang='lat' dir='ltr'>tes</span> <span class='ocrx_word' id='word_1_43' title='bbox 119 922 243 985; x_wconf 87' lang='lat' dir='ltr'>defactis</span> <span class='ocrx_word' id='word_1_44' title='bbox 257 923 324 986; x_wconf 91' lang='lat' dir='ltr'>dict</span> <span class='ocrx_word' id='word_1_45' title='bbox 341 923 518 986; x_wconf 89' lang='lat' dir='ltr'>baroniarum</span> <span class='ocrx_word' id='word_1_46' title='bbox 523 944 599 1006; x_wconf 89' lang='lat' dir='ltr'>,que</span> <span class='ocrx_word' id='word_1_47' title='bbox 616 943 672 986; x_wconf 91' lang='lat' dir='ltr'>non</span> <span class='ocrx_word' id='word_1_48' title='bbox 692 923 788 986; x_wconf 87' lang='lat' dir='ltr'>curaui</span> <span class='ocrx_word' id='word_1_49' title='bbox 802 937 914 1005; x_wconf 89' lang='lat' dir='ltr'>portare</span> <span class='ocrx_word' id='word_1_50' title='bbox 928 924 963 985; x_wconf 89' lang='lat' dir='ltr'>ad</span> <span class='ocrx_word' id='word_1_51' title='bbox 979 924 1054 986; x_wconf 89' lang='lat' dir='ltr'>dom</span> <span class='ocrx_word' id='word_1_52' title='bbox 1070 943 1142 986; x_wconf 90' lang='lat' dir='ltr'>nos·</span> 
     </span>
     <span class='ocr_line' id='line_1_7' title="bbox 58 1020 1138 1104; baseline 0.004 -23"><span class='ocrx_word' id='word_1_53' title='bbox 58 1032 134 1081; x_wconf 93' lang='lat' dir='ltr'>trum</span> <span class='ocrx_word' id='word_1_54' title='bbox 149 1020 266 1100; x_wconf 89' lang='lat' dir='ltr'>predict.</span> <span class='ocrx_word' id='word_1_55' title='bbox 291 1022 355 1104; x_wconf 87' lang='lat' dir='ltr'>quia</span> <span class='ocrx_word' id='word_1_56' title='bbox 375 1041 432 1084; x_wconf 89' lang='lat' dir='ltr'>non</span> <span class='ocrx_word' id='word_1_57' title='bbox 451 1022 536 1084; x_wconf 90' lang='lat' dir='ltr'>credo</span> <span class='ocrx_word' id='word_1_58' title='bbox 561 1021 703 1103; x_wconf 85' lang='lat' dir='ltr'>expedire,</span> <span class='ocrx_word' id='word_1_59' title='bbox 723 1021 854 1085; x_wconf 81' lang='lat' dir='ltr'>aduideat</span> <span class='ocrx_word' id='word_1_60' title='bbox 866 1034 959 1084; x_wconf 90' lang='lat' dir='ltr'>tamen</span> <span class='ocrx_word' id='word_1_61' title='bbox 973 1022 1047 1085; x_wconf 93' lang='lat' dir='ltr'>idem</span> <span class='ocrx_word' id='word_1_62' title='bbox 1062 1021 1138 1085; x_wconf 87' lang='lat' dir='ltr'>dom.</span> 
     </span>
     <span class='ocr_line' id='line_1_8' title="bbox 58 1117 979 1206; baseline 0.004 -29"><span class='ocrx_word' id='word_1_63' title='bbox 58 1117 235 1199; x_wconf 88' lang='lat' dir='ltr'>noster&#39;quid</span> <span class='ocrx_word' id='word_1_64' title='bbox 249 1118 429 1181; x_wconf 88' lang='lat' dir='ltr'>dominationi</span> <span class='ocrx_word' id='word_1_65' title='bbox 446 1139 495 1181; x_wconf 89' lang='lat' dir='ltr'>sue</span> <span class='ocrx_word' id='word_1_66' title='bbox 505 1119 640 1203; x_wconf 87' lang='lat' dir='ltr'>placuerit</span> <span class='ocrx_word' id='word_1_67' title='bbox 652 1139 736 1200; x_wconf 89' lang='lat' dir='ltr'>super</span> <span class='ocrx_word' id='word_1_68' title='bbox 745 1120 799 1181; x_wconf 90' lang='lat' dir='ltr'>boc</span> <span class='ocrx_word' id='word_1_69' title='bbox 812 1119 979 1206; x_wconf 86' lang='lat' dir='ltr'>faciendum.</span> 
     </span>
     <span class='ocr_line' id='line_1_9' title="bbox 105 1214 1141 1298; baseline 0.004 -24"><span class='ocrx_word' id='word_1_70' title='bbox 105 1214 280 1296; x_wconf 85' lang='lat' dir='ltr'>infrascripta</span> <span class='ocrx_word' id='word_1_71' title='bbox 295 1216 478 1278; x_wconf 89' lang='lat' dir='ltr'>instrumenta</span> <span class='ocrx_word' id='word_1_72' title='bbox 493 1216 627 1279; x_wconf 87' lang='lat' dir='ltr'>laciencia</span> <span class='ocrx_word' id='word_1_73' title='bbox 642 1236 694 1298; x_wconf 91' lang='lat' dir='ltr'>pro</span> <span class='ocrx_word' id='word_1_74' title='bbox 712 1215 824 1278; x_wconf 91' lang='lat' dir='ltr'>domino</span> <span class='ocrx_word' id='word_1_75' title='bbox 838 1230 936 1281; x_wconf 89' lang='lat' dir='ltr'>nostro</span> <span class='ocrx_word' id='word_1_76' title='bbox 949 1215 1075 1298; x_wconf 90' lang='lat' dir='ltr'>predicto</span> <span class='ocrx_word' id='word_1_77' title='bbox 1093 1217 1141 1278; x_wconf 90' lang='lat' dir='ltr'>ba-</span> 
     </span>
     <span class='ocr_line' id='line_1_10' title="bbox 60 1310 1141 1395; baseline 0.003 -22"><span class='ocrx_word' id='word_1_78' title='bbox 60 1310 118 1374; x_wconf 89' lang='lat' dir='ltr'>beo</span> <span class='ocrx_word' id='word_1_79' title='bbox 135 1331 188 1392; x_wconf 90' lang='lat' dir='ltr'>ego</span> <span class='ocrx_word' id='word_1_80' title='bbox 205 1312 272 1375; x_wconf 88' lang='lat' dir='ltr'>dict.</span> <span class='ocrx_word' id='word_1_81' title='bbox 291 1313 445 1376; x_wconf 84' lang='lat' dir='ltr'>Rotbertus</span> <span class='ocrx_word' id='word_1_82' title='bbox 461 1314 490 1386; x_wconf 85' lang='lat' dir='ltr'>in</span> <span class='ocrx_word' id='word_1_83' title='bbox 503 1313 656 1376; x_wconf 87' lang='lat' dir='ltr'>cartulariis</span> <span class='ocrx_word' id='word_1_84' title='bbox 669 1313 737 1376; x_wconf 86' lang='lat' dir='ltr'>meis</span> <span class='ocrx_word' id='word_1_85' title='bbox 747 1333 797 1395; x_wconf 93' lang='lat' dir='ltr'>per</span> <span class='ocrx_word' id='word_1_86' title='bbox 810 1333 854 1376; x_wconf 91' lang='lat' dir='ltr'>me</span> <span class='ocrx_word' id='word_1_87' title='bbox 867 1326 973 1388; x_wconf 88' lang='lat' dir='ltr'>notata,</span> <span class='ocrx_word' id='word_1_88' title='bbox 988 1327 1141 1395; x_wconf 89' lang='lat' dir='ltr'>quetamen</span> 
     </span>
     <span class='ocr_line' id='line_1_11' title="bbox 59 1395 1141 1520; baseline 0.001 -49"><span class='ocrx_word' id='word_1_89' title='bbox 59 1395 186 1471; x_wconf 85' lang='lat' dir='ltr'>nobdum</span> <span class='ocrx_word' id='word_1_90' title='bbox 194 1429 244 1491; x_wconf 91' lang='lat' dir='ltr'>per</span> <span class='ocrx_word' id='word_1_91' title='bbox 254 1430 298 1473; x_wconf 93' lang='lat' dir='ltr'>me</span> <span class='ocrx_word' id='word_1_92' title='bbox 307 1411 419 1473; x_wconf 91' lang='lat' dir='ltr'>fuerunt</span> <span class='ocrx_word' id='word_1_93' title='bbox 428 1420 565 1520; x_wconf 82' lang='lat' dir='ltr'>grossata,</span> <span class='ocrx_word' id='word_1_94' title='bbox 580 1410 665 1472; x_wconf 89' lang='lat' dir='ltr'>videl.</span> <span class='ocrx_word' id='word_1_95' title='bbox 678 1446 717 1457; x_wconf 93' lang='lat'>-</span> <span class='ocrx_word' id='word_1_96' title='bbox 734 1412 819 1489; x_wconf 72' lang='lat'><em>1383.</em></span> <span class='ocrx_word' id='word_1_97' title='bbox 833 1418 1047 1474; x_wconf 70' lang='lat' dir='ltr'>ln&#39;strumentum</span> <span class='ocrx_word' id='word_1_98' title='bbox 1057 1428 1141 1493; x_wconf 89' lang='lat' dir='ltr'>super</span> 
     </span>
     <span class='ocr_line' id='line_1_12' title="bbox 62 1506 1141 1590; baseline 0.002 -22"><span class='ocrx_word' id='word_1_99' title='bbox 62 1506 214 1570; x_wconf 87' lang='lat' dir='ltr'>donatione</span> <span class='ocrx_word' id='word_1_100' title='bbox 234 1507 307 1570; x_wconf 92' lang='lat' dir='ltr'>facta</span> <span class='ocrx_word' id='word_1_101' title='bbox 328 1507 389 1570; x_wconf 71' lang='lat' dir='ltr'>in*</span> <span class='ocrx_word' id='word_1_102' title='bbox 378 1508 495 1590; x_wconf 83' lang='lat' dir='ltr'>principi</span> <span class='ocrx_word' id='word_1_103' title='bbox 488 1508 587 1570; x_wconf 88' lang='lat' dir='ltr'>dom.</span> <span class='ocrx_word' id='word_1_104' title='bbox 602 1508 721 1573; x_wconf 80' lang='lat' dir='ltr'>iohanni</span> <span class='ocrx_word' id='word_1_105' title='bbox 736 1508 867 1590; x_wconf 87' lang='lat' dir='ltr'>dalphino</span> <span class='ocrx_word' id='word_1_106' title='bbox 882 1508 963 1589; x_wconf 87' lang='lat' dir='ltr'>pred</span> <span class='ocrx_word' id='word_1_107' title='bbox 979 1507 1072 1571; x_wconf 88' lang='lat' dir='ltr'>inclite</span> <span class='ocrx_word' id='word_1_108' title='bbox 1094 1527 1141 1570; x_wconf 91' lang='lat' dir='ltr'>re-</span> 
     </span>
     <span class='ocr_line' id='line_1_13' title="bbox 61 1588 1141 1688; baseline 0 -22"><span class='ocrx_word' id='word_1_109' title='bbox 61 1604 172 1666; x_wconf 91' lang='lat' dir='ltr'>cordat</span> <span class='ocrx_word' id='word_1_110' title='bbox 191 1623 241 1685; x_wconf 91' lang='lat' dir='ltr'>per</span> <span class='ocrx_word' id='word_1_111' title='bbox 257 1605 331 1667; x_wconf 93' lang='lat' dir='ltr'>bone</span> <span class='ocrx_word' id='word_1_112' title='bbox 343 1606 476 1667; x_wconf 89' lang='lat' dir='ltr'>memorie</span> <span class='ocrx_word' id='word_1_113' title='bbox 493 1605 569 1668; x_wconf 92' lang='lat' dir='ltr'>dom</span> <span class='ocrx_word' id='word_1_114' title='bbox 587 1604 781 1688; x_wconf 86' lang='lat' dir='ltr'>Raymundum</span> <span class='ocrx_word' id='word_1_115' title='bbox 802 1604 976 1667; x_wconf 86' lang='lat' dir='ltr'>Medullionis</span> <span class='ocrx_word' id='word_1_116' title='bbox 999 1588 1141 1667; x_wconf 85' lang='lat' dir='ltr'>dominum</span> 
     </span>
     <span class='ocr_line' id='line_1_14' title="bbox 61 1684 1143 1784; baseline 0 -21"><span class='ocrx_word' id='word_1_117' title='bbox 61 1701 98 1763; x_wconf 87' lang='lat' dir='ltr'>de</span> <span class='ocrx_word' id='word_1_118' title='bbox 113 1701 227 1763; x_wconf 88' lang='lat' dir='ltr'>baronia</span> <span class='ocrx_word' id='word_1_119' title='bbox 245 1702 419 1766; x_wconf 87' lang='lat' dir='ltr'>Medullionis</span> <span class='ocrx_word' id='word_1_120' title='bbox 435 1716 464 1764; x_wconf 94' lang='lat' dir='ltr'>et</span> <span class='ocrx_word' id='word_1_121' title='bbox 477 1722 560 1784; x_wconf 89' lang='lat' dir='ltr'>super</span> <span class='ocrx_word' id='word_1_122' title='bbox 576 1702 701 1784; x_wconf 90' lang='lat' dir='ltr'>pluribus</span> <span class='ocrx_word' id='word_1_123' title='bbox 724 1703 812 1783; x_wconf 88' lang='lat' dir='ltr'>pactis</span> <span class='ocrx_word' id='word_1_124' title='bbox 827 1703 899 1765; x_wconf 90' lang='lat' dir='ltr'>inter</span> <span class='ocrx_word' id='word_1_125' title='bbox 917 1702 1032 1764; x_wconf 88' lang='lat' dir='ltr'>eosdem</span> <span class='ocrx_word' id='word_1_126' title='bbox 1049 1684 1143 1764; x_wconf 85' lang='lat' dir='ltr'>domi-</span> 
     </span>
     <span class='ocr_line' id='line_1_15' title="bbox 61 1799 1141 1883; baseline 0.002 -22"><span class='ocrx_word' id='word_1_127' title='bbox 61 1819 117 1861; x_wconf 87' lang='lat' dir='ltr'>nos</span> <span class='ocrx_word' id='word_1_128' title='bbox 130 1799 292 1862; x_wconf 77' lang='lat' dir='ltr'>habitis-</span> <span class='ocrx_word' id='word_1_129' title='bbox 307 1801 391 1879; x_wconf 79' lang='lat'>¹384·</span> <span class='ocrx_word' id='word_1_130' title='bbox 407 1807 440 1863; x_wconf 91' lang='lat' dir='ltr'>lt.</span> <span class='ocrx_word' id='word_1_131' title='bbox 453 1814 665 1863; x_wconf 76' lang='lat' dir='ltr'>instrumentum</span> <span class='ocrx_word' id='word_1_132' title='bbox 676 1819 760 1880; x_wconf 90' lang='lat' dir='ltr'>super</span> <span class='ocrx_word' id='word_1_133' title='bbox 770 1814 960 1883; x_wconf 78' lang='lat' dir='ltr'>recognitione</span> <span class='ocrx_word' id='word_1_134' title='bbox 972 1814 1000 1862; x_wconf 93' lang='lat' dir='ltr'>et</span> <span class='ocrx_word' id='word_1_135' title='bbox 1011 1799 1141 1882; x_wconf 76' lang='lat' dir='ltr'>homagio</span> 
     </span>
     <span class='ocr_line' id='line_1_16' title="bbox 60 1895 1142 1980; baseline 0.002 -24"><span class='ocrx_word' id='word_1_136' title='bbox 60 1895 142 1957; x_wconf 91' lang='lat' dir='ltr'>factis</span> <span class='ocrx_word' id='word_1_137' title='bbox 155 1895 296 1975; x_wconf 91' lang='lat' dir='ltr'>ipsidom.</span> <span class='ocrx_word' id='word_1_138' title='bbox 311 1897 429 1958; x_wconf 78' lang='lat' dir='ltr'>iohanni</span> <span class='ocrx_word' id='word_1_139' title='bbox 442 1897 573 1978; x_wconf 87' lang='lat' dir='ltr'>dalphino</span> <span class='ocrx_word' id='word_1_140' title='bbox 586 1917 636 1978; x_wconf 90' lang='lat' dir='ltr'>per</span> <span class='ocrx_word' id='word_1_141' title='bbox 649 1897 815 1959; x_wconf 91' lang='lat' dir='ltr'>nobilem</span> <span class='ocrx_word' id='word_1_142' title='bbox 789 1916 878 1959; x_wconf 87' lang='lat' dir='ltr'>vuum</span> <span class='ocrx_word' id='word_1_143' title='bbox 895 1896 1089 1980; x_wconf 87' lang='lat' dir='ltr'>Raymundum</span> <span class='ocrx_word' id='word_1_144' title='bbox 1099 1896 1142 1958; x_wconf 83' lang='lat' dir='ltr'>de</span> 
     </span>
     <span class='ocr_line' id='line_1_17' title="bbox 64 1991 1142 2075; baseline 0.003 -22"><span class='ocrx_word' id='word_1_145' title='bbox 64 1991 285 2070; x_wconf 83' lang='lat' dir='ltr'>MonteAlbano,</span> <span class='ocrx_word' id='word_1_146' title='bbox 302 1992 444 2056; x_wconf 89' lang='lat' dir='ltr'>dominum</span> <span class='ocrx_word' id='word_1_147' title='bbox 459 1994 561 2056; x_wconf 86' lang='lat' dir='ltr'>Montis</span> <span class='ocrx_word' id='word_1_148' title='bbox 576 1994 676 2071; x_wconf 86' lang='lat' dir='ltr'>Mauri,</span> <span class='ocrx_word' id='word_1_149' title='bbox 692 1994 819 2057; x_wconf 86' lang='lat' dir='ltr'>valituris</span> <span class='ocrx_word' id='word_1_150' title='bbox 837 2008 901 2075; x_wconf 88' lang='lat' dir='ltr'>post</span> <span class='ocrx_word' id='word_1_151' title='bbox 918 1993 1024 2065; x_wconf 82' lang='lat' dir='ltr'>obitum</span> <span class='ocrx_word' id='word_1_152' title='bbox 1036 1993 1142 2056; x_wconf 91' lang='lat' dir='ltr'>domini</span> 
     </span>
     <span class='ocr_line' id='line_1_18' title="bbox 65 2091 1143 2174; baseline 0.003 -22"><span class='ocrx_word' id='word_1_153' title='bbox 65 2091 242 2154; x_wconf 86' lang='lat' dir='ltr'>Medullionis</span> <span class='ocrx_word' id='word_1_154' title='bbox 253 2093 380 2173; x_wconf 86' lang='lat' dir='ltr'>predicti,</span> <span class='ocrx_word' id='word_1_155' title='bbox 400 2093 435 2155; x_wconf 94' lang='lat' dir='ltr'>de</span> <span class='ocrx_word' id='word_1_156' title='bbox 452 2106 544 2159; x_wconf 89' lang='lat' dir='ltr'>castro</span> <span class='ocrx_word' id='word_1_157' title='bbox 559 2092 736 2174; x_wconf 85' lang='lat' dir='ltr'>Petrellong&#39;e</span> <span class='ocrx_word' id='word_1_158' title='bbox 750 2106 778 2156; x_wconf 92' lang='lat' dir='ltr'>et</span> <span class='ocrx_word' id='word_1_159' title='bbox 789 2092 895 2157; x_wconf 89' lang='lat' dir='ltr'>directo</span> <span class='ocrx_word' id='word_1_160' title='bbox 908 2092 1029 2154; x_wconf 90' lang='lat' dir='ltr'>dominio</span> <span class='ocrx_word' id='word_1_161' title='bbox 1039 2092 1143 2157; x_wconf 87' lang='lat' dir='ltr'>medie-</span> 
     </span>
     <span class='ocr_line' id='line_1_19' title="bbox 61 2187 1143 2271; baseline 0.002 -20"><span class='ocrx_word' id='word_1_162' title='bbox 61 2187 128 2251; x_wconf 91' lang='lat' dir='ltr'>tatis</span> <span class='ocrx_word' id='word_1_163' title='bbox 137 2189 220 2250; x_wconf 88' lang='lat' dir='ltr'>castri</span> <span class='ocrx_word' id='word_1_164' title='bbox 235 2189 278 2251; x_wconf 89' lang='lat' dir='ltr'>de</span> <span class='ocrx_word' id='word_1_165' title='bbox 281 2190 379 2253; x_wconf 88' lang='lat' dir='ltr'>Poieto</span> <span class='ocrx_word' id='word_1_166' title='bbox 393 2189 421 2252; x_wconf 91' lang='lat' dir='ltr'>in</span> <span class='ocrx_word' id='word_1_167' title='bbox 436 2190 508 2252; x_wconf 87' lang='lat' dir='ltr'>valle</span> <span class='ocrx_word' id='word_1_168' title='bbox 524 2189 683 2253; x_wconf 85' lang='lat' dir='ltr'>Bodonensi</span> <span class='ocrx_word' id='word_1_169' title='bbox 698 2203 726 2252; x_wconf 92' lang='lat' dir='ltr'>et</span> <span class='ocrx_word' id='word_1_170' title='bbox 738 2189 854 2251; x_wconf 87' lang='lat' dir='ltr'>duarum</span> <span class='ocrx_word' id='word_1_171' title='bbox 871 2190 993 2271; x_wconf 89' lang='lat' dir='ltr'>parcium</span> <span class='ocrx_word' id='word_1_172' title='bbox 1010 2190 1093 2252; x_wconf 89' lang='lat' dir='ltr'>castri</span> <span class='ocrx_word' id='word_1_173' title='bbox 1107 2190 1143 2253; x_wconf 91' lang='lat' dir='ltr'>de</span> 
     </span>
     <span class='ocr_line' id='line_1_20' title="bbox 64 2268 1142 2369; baseline 0.001 -21"><span class='ocrx_word' id='word_1_174' title='bbox 64 2268 148 2348; x_wconf 85' lang='lat' dir='ltr'>Claro</span> <span class='ocrx_word' id='word_1_175' title='bbox 166 2293 261 2348; x_wconf 87' lang='lat' dir='ltr'>Monte</span> <span class='ocrx_word' id='word_1_176' title='bbox 275 2288 371 2367; x_wconf 79' lang='lat' dir='ltr'>eteius</span> <span class='ocrx_word' id='word_1_177' title='bbox 384 2287 511 2350; x_wconf 85' lang='lat' dir='ltr'>fortalicii</span> <span class='ocrx_word' id='word_1_178' title='bbox 525 2299 553 2350; x_wconf 93' lang='lat' dir='ltr'>et</span> <span class='ocrx_word' id='word_1_179' title='bbox 568 2287 709 2351; x_wconf 89' lang='lat' dir='ltr'>territorii</span> <span class='ocrx_word' id='word_1_180' title='bbox 727 2320 763 2333; x_wconf 88' lang='lat'>-</span> <span class='ocrx_word' id='word_1_181' title='bbox 775 2289 865 2368; x_wconf 86' lang='lat'>1385</span> <span class='ocrx_word' id='word_1_182' title='bbox 881 2294 914 2351; x_wconf 92' lang='lat' dir='ltr'>lt</span> <span class='ocrx_word' id='word_1_183' title='bbox 930 2287 1142 2369; x_wconf 82' lang='lat' dir='ltr'>instrumentum</span> 
     </span>
     <span class='ocr_line' id='line_1_21' title="bbox 63 2364 1143 2466; baseline -0.001 -19"><span class='ocrx_word' id='word_1_184' title='bbox 63 2403 149 2464; x_wconf 89' lang='lat' dir='ltr'>super</span> <span class='ocrx_word' id='word_1_185' title='bbox 165 2382 301 2466; x_wconf 91' lang='lat' dir='ltr'>homagio</span> <span class='ocrx_word' id='word_1_186' title='bbox 305 2398 333 2448; x_wconf 91' lang='lat' dir='ltr'>et</span> <span class='ocrx_word' id='word_1_187' title='bbox 349 2385 539 2466; x_wconf 85' lang='lat' dir='ltr'>recognitione</span> <span class='ocrx_word' id='word_1_188' title='bbox 549 2370 649 2448; x_wconf 81' lang='lat' dir='ltr'>factis</span> <span class='ocrx_word' id='word_1_189' title='bbox 642 2404 694 2465; x_wconf 88' lang='lat' dir='ltr'>rpsr</span> <span class='ocrx_word' id='word_1_190' title='bbox 687 2384 784 2448; x_wconf 95' lang='lat' dir='ltr'>&#39;dom</span> <span class='ocrx_word' id='word_1_191' title='bbox 793 2383 935 2464; x_wconf 86' lang='lat' dir='ltr'>dalphino,</span> <span class='ocrx_word' id='word_1_192' title='bbox 947 2384 1046 2447; x_wconf 90' lang='lat' dir='ltr'>eodem</span> <span class='ocrx_word' id='word_1_193' title='bbox 1058 2364 1143 2446; x_wconf 89' lang='lat' dir='ltr'>modo</span> 
     </span>
     <span class='ocr_line' id='line_1_22' title="bbox 63 2479 1143 2563; baseline -0.002 -20"><span class='ocrx_word' id='word_1_194' title='bbox 63 2480 200 2557; x_wconf 88' lang='lat' dir='ltr'>valituris,</span> <span class='ocrx_word' id='word_1_195' title='bbox 223 2502 274 2563; x_wconf 90' lang='lat' dir='ltr'>per</span> <span class='ocrx_word' id='word_1_196' title='bbox 292 2482 369 2545; x_wconf 88' lang='lat' dir='ltr'>dom.</span> <span class='ocrx_word' id='word_1_197' title='bbox 393 2491 504 2551; x_wconf 75' lang='lat' dir='ltr'>latente</span> <span class='ocrx_word' id='word_1_198' title='bbox 525 2483 561 2544; x_wconf 92' lang='lat' dir='ltr'>de</span> <span class='ocrx_word' id='word_1_199' title='bbox 576 2481 707 2544; x_wconf 81' lang='lat' dir='ltr'>Plariano</span> <span class='ocrx_word' id='word_1_200' title='bbox 731 2481 765 2543; x_wconf 93' lang='lat' dir='ltr'>de</span> <span class='ocrx_word' id='word_1_201' title='bbox 779 2481 831 2542; x_wconf 89' lang='lat' dir='ltr'>biis</span> <span class='ocrx_word' id='word_1_202' title='bbox 845 2500 899 2561; x_wconf 93' lang='lat' dir='ltr'>que</span> <span class='ocrx_word' id='word_1_203' title='bbox 920 2481 1041 2553; x_wconf 81' lang='lat' dir='ltr'>habebat</span> <span class='ocrx_word' id='word_1_204' title='bbox 1069 2479 1143 2561; x_wconf 91' lang='lat' dir='ltr'>apud</span> 
     </span>
     <span class='ocr_line' id='line_1_23' title="bbox 65 2577 1144 2662; baseline -0.002 -22"><span class='ocrx_word' id='word_1_205' title='bbox 65 2577 238 2662; x_wconf 74' lang='lat' dir='ltr'>Plazianum.</span> <span class='ocrx_word' id='word_1_206' title='bbox 255 2615 293 2627; x_wconf 88' lang='lat'><em>-</em></span> <span class='ocrx_word' id='word_1_207' title='bbox 313 2579 397 2659; x_wconf 79' lang='lat'><em>1386.</em></span> <span class='ocrx_word' id='word_1_208' title='bbox 414 2588 494 2657; x_wconf 84' lang='lat' dir='ltr'>item,</span> <span class='ocrx_word' id='word_1_209' title='bbox 512 2599 596 2660; x_wconf 87' lang='lat' dir='ltr'>super</span> <span class='ocrx_word' id='word_1_210' title='bbox 611 2578 742 2660; x_wconf 87' lang='lat' dir='ltr'>homagio</span> <span class='ocrx_word' id='word_1_211' title='bbox 760 2577 834 2641; x_wconf 87' lang='lat' dir='ltr'>facto</span> <span class='ocrx_word' id='word_1_212' title='bbox 850 2577 902 2658; x_wconf 93' lang='lat' dir='ltr'>ipsi</span> <span class='ocrx_word' id='word_1_213' title='bbox 920 2577 996 2639; x_wconf 92' lang='lat' dir='ltr'>dom.</span> <span class='ocrx_word' id='word_1_214' title='bbox 1012 2577 1144 2658; x_wconf 90' lang='lat' dir='ltr'>dalphino</span> 
     </span>
     <span class='ocr_line' id='line_1_24' title="bbox 63 2675 1145 2758; baseline 0 -20"><span class='ocrx_word' id='word_1_215' title='bbox 63 2695 115 2757; x_wconf 90' lang='lat' dir='ltr'>per</span> <span class='ocrx_word' id='word_1_216' title='bbox 130 2676 300 2739; x_wconf 86' lang='lat' dir='ltr'>Bonifacium</span> <span class='ocrx_word' id='word_1_217' title='bbox 311 2677 349 2751; x_wconf 84' lang='lat' dir='ltr'>¹de</span> <span class='ocrx_word' id='word_1_218' title='bbox 364 2679 504 2741; x_wconf 76' lang='lat' dir='ltr'>nlauzone</span> <span class='ocrx_word' id='word_1_219' title='bbox 517 2697 568 2758; x_wconf 94' lang='lat' dir='ltr'>pro</span> <span class='ocrx_word' id='word_1_220' title='bbox 581 2676 634 2738; x_wconf 90' lang='lat' dir='ltr'>hiis</span> <span class='ocrx_word' id='word_1_221' title='bbox 648 2695 703 2757; x_wconf 83' lang='lat' dir='ltr'>que</span> <span class='ocrx_word' id='word_1_222' title='bbox 714 2676 835 2739; x_wconf 88' lang='lat' dir='ltr'>habebat</span> <span class='ocrx_word' id='word_1_223' title='bbox 849 2675 922 2757; x_wconf 93' lang='lat' dir='ltr'>apud</span> <span class='ocrx_word' id='word_1_224' title='bbox 938 2675 1145 2753; x_wconf 70' lang='lat' dir='ltr'>Plazianumet</span> 
     </span>
     <span class='ocr_line' id='line_1_25' title="bbox 62 2772 1141 2858; baseline 0 -23"><span class='ocrx_word' id='word_1_225' title='bbox 62 2773 248 2837; x_wconf 87' lang='lat' dir='ltr'>Guiibertum.</span> <span class='ocrx_word' id='word_1_226' title='bbox 265 2811 302 2822; x_wconf 91' lang='lat'><em>-</em></span> <span class='ocrx_word' id='word_1_227' title='bbox 322 2775 406 2855; x_wconf 85' lang='lat'>138&#39;7.</span> <span class='ocrx_word' id='word_1_228' title='bbox 423 2783 503 2852; x_wconf 86' lang='lat' dir='ltr'>Item,</span> <span class='ocrx_word' id='word_1_229' title='bbox 519 2773 834 2858; x_wconf 62' lang='lat' dir='ltr'>superbomagiofacto</span> <span class='ocrx_word' id='word_1_230' title='bbox 847 2773 900 2854; x_wconf 89' lang='lat' dir='ltr'>ipsi</span> <span class='ocrx_word' id='word_1_231' title='bbox 915 2772 991 2835; x_wconf 86' lang='lat' dir='ltr'>dom.</span> <span class='ocrx_word' id='word_1_232' title='bbox 1008 2772 1141 2854; x_wconf 88' lang='lat' dir='ltr'>dalphino</span> 
     </span>
     <span class='ocr_line' id='line_1_26' title="bbox 64 2868 1146 2954; baseline 0 -20"><span class='ocrx_word' id='word_1_233' title='bbox 64 2891 116 2953; x_wconf 90' lang='lat' dir='ltr'>per</span> <span class='ocrx_word' id='word_1_234' title='bbox 130 2872 281 2935; x_wconf 87' lang='lat' dir='ltr'>Giraudum</span> <span class='ocrx_word' id='word_1_235' title='bbox 299 2873 400 2936; x_wconf 86' lang='lat' dir='ltr'>nedici</span> <span class='ocrx_word' id='word_1_236' title='bbox 424 2886 452 2936; x_wconf 86' lang='lat' dir='ltr'>et</span> <span class='ocrx_word' id='word_1_237' title='bbox 474 2873 665 2954; x_wconf 83' lang='lat' dir='ltr'>recognitione</span> <span class='ocrx_word' id='word_1_238' title='bbox 691 2872 719 2933; x_wconf 89' lang='lat' dir='ltr'>in</span> <span class='ocrx_word' id='word_1_239' title='bbox 734 2871 847 2944; x_wconf 89' lang='lat' dir='ltr'>feudum</span> <span class='ocrx_word' id='word_1_240' title='bbox 862 2871 897 2933; x_wconf 94' lang='lat' dir='ltr'>de</span> <span class='ocrx_word' id='word_1_241' title='bbox 909 2871 1058 2953; x_wconf 83' lang='lat' dir='ltr'>medietate</span> <span class='ocrx_word' id='word_1_242' title='bbox 1080 2868 1146 2935; x_wconf 49' lang='lat' dir='ltr'>case</span> 
     </span>
     <span class='ocr_line' id='line_1_27' title="bbox 63 2964 1146 3050; baseline 0.001 -17"><span class='ocrx_word' id='word_1_243' title='bbox 63 2983 172 3034; x_wconf 88' lang='lat' dir='ltr'>trorum</span> <span class='ocrx_word' id='word_1_244' title='bbox 188 2969 223 3031; x_wconf 88' lang='lat' dir='ltr'>de</span> <span class='ocrx_word' id='word_1_245' title='bbox 239 2970 366 3032; x_wconf 84' lang='lat' dir='ltr'>Mollanis</span> <span class='ocrx_word' id='word_1_246' title='bbox 380 2983 408 3033; x_wconf 89' lang='lat' dir='ltr'>et</span> <span class='ocrx_word' id='word_1_247' title='bbox 422 2971 457 3032; x_wconf 91' lang='lat' dir='ltr'>de</span> <span class='ocrx_word' id='word_1_248' title='bbox 469 2969 568 3033; x_wconf 90' lang='lat' dir='ltr'>Poieto</span> <span class='ocrx_word' id='word_1_249' title='bbox 583 2969 637 3032; x_wconf 90' lang='lat' dir='ltr'>dan</span> <span class='ocrx_word' id='word_1_250' title='bbox 649 2969 787 3050; x_wconf 89' lang='lat' dir='ltr'>Percipia.</span> <span class='ocrx_word' id='word_1_251' title='bbox 808 3003 842 3014; x_wconf 91' lang='lat'><em>-</em></span> <span class='ocrx_word' id='word_1_252' title='bbox 862 2969 946 3047; x_wconf 85' lang='lat'>1388.</span> <span class='ocrx_word' id='word_1_253' title='bbox 965 2975 1044 3046; x_wconf 93' lang='lat' dir='ltr'>ltem,</span> <span class='ocrx_word' id='word_1_254' title='bbox 1054 2964 1146 3050; x_wconf 80' lang='lat' dir='ltr'>=super</span> 
     </span>
     <span class='ocr_line' id='line_1_28' title="bbox 64 3065 1146 3149; baseline -0.003 -18"><span class='ocrx_word' id='word_1_255' title='bbox 64 3066 262 3148; x_wconf 88' lang='lat' dir='ltr'>recognicione</span> <span class='ocrx_word' id='word_1_256' title='bbox 277 3081 305 3130; x_wconf 91' lang='lat' dir='ltr'>et</span> <span class='ocrx_word' id='word_1_257' title='bbox 316 3067 446 3149; x_wconf 83' lang='lat' dir='ltr'>homagio</span> <span class='ocrx_word' id='word_1_258' title='bbox 459 3066 540 3130; x_wconf 87' lang='lat' dir='ltr'>lactis</span> <span class='ocrx_word' id='word_1_259' title='bbox 562 3067 616 3149; x_wconf 92' lang='lat' dir='ltr'>ipsi</span> <span class='ocrx_word' id='word_1_260' title='bbox 630 3067 706 3130; x_wconf 93' lang='lat' dir='ltr'>dom.</span> <span class='ocrx_word' id='word_1_261' title='bbox 727 3065 858 3147; x_wconf 86' lang='lat' dir='ltr'>dalphino</span> <span class='ocrx_word' id='word_1_262' title='bbox 876 3085 927 3147; x_wconf 92' lang='lat' dir='ltr'>per</span> <span class='ocrx_word' id='word_1_263' title='bbox 944 3065 1096 3128; x_wconf 85' lang='lat' dir='ltr'>Richanum</span> <span class='ocrx_word' id='word_1_264' title='bbox 1110 3066 1146 3128; x_wconf 91' lang='lat' dir='ltr'>de</span> 
     </span>
     <span class='ocr_line' id='line_1_29' title="bbox 67 3154 1147 3247; baseline -0.003 -18"><span class='ocrx_word' id='word_1_265' title='bbox 67 3165 171 3241; x_wconf 86' lang='lat' dir='ltr'>Insula,</span> <span class='ocrx_word' id='word_1_266' title='bbox 184 3164 219 3226; x_wconf 90' lang='lat' dir='ltr'>de</span> <span class='ocrx_word' id='word_1_267' title='bbox 233 3154 325 3227; x_wconf 89' lang='lat' dir='ltr'>castro</span> <span class='ocrx_word' id='word_1_268' title='bbox 340 3166 376 3228; x_wconf 94' lang='lat' dir='ltr'>de</span> <span class='ocrx_word' id='word_1_269' title='bbox 393 3165 571 3246; x_wconf 79' lang='lat' dir='ltr'>Argueleriis.</span> <span class='ocrx_word' id='word_1_270' title='bbox 588 3200 625 3215; x_wconf 88' lang='lat'>-·</span> <span class='ocrx_word' id='word_1_271' title='bbox 647 3167 731 3247; x_wconf 86' lang='lat'><em>1389.</em></span> <span class='ocrx_word' id='word_1_272' title='bbox 747 3172 826 3239; x_wconf 84' lang='lat' dir='ltr'>item,</span> <span class='ocrx_word' id='word_1_273' title='bbox 850 3183 934 3245; x_wconf 89' lang='lat' dir='ltr'>super</span> <span class='ocrx_word' id='word_1_274' title='bbox 951 3163 1147 3245; x_wconf 81' lang='lat' dir='ltr'>recognitione</span> 
     </span>
     <span class='ocr_line' id='line_1_30' title="bbox 66 3260 1147 3345; baseline -0.002 -20"><span class='ocrx_word' id='word_1_275' title='bbox 66 3277 96 3326; x_wconf 93' lang='lat' dir='ltr'>et</span> <span class='ocrx_word' id='word_1_276' title='bbox 112 3262 248 3343; x_wconf 85' lang='lat' dir='ltr'>homagiis</span> <span class='ocrx_word' id='word_1_277' title='bbox 257 3263 336 3325; x_wconf 89' lang='lat' dir='ltr'>factis</span> <span class='ocrx_word' id='word_1_278' title='bbox 352 3263 404 3345; x_wconf 82' lang='lat' dir='ltr'>ipsi</span> <span class='ocrx_word' id='word_1_279' title='bbox 419 3263 495 3337; x_wconf 88' lang='lat' dir='ltr'>dom.</span> <span class='ocrx_word' id='word_1_280' title='bbox 507 3261 639 3344; x_wconf 78' lang='lat' dir='ltr'>delphino</span> <span class='ocrx_word' id='word_1_281' title='bbox 649 3282 700 3343; x_wconf 90' lang='lat' dir='ltr'>per</span> <span class='ocrx_word' id='word_1_282' title='bbox 709 3262 796 3324; x_wconf 70' lang='lat' dir='ltr'>dom..</span> <span class='ocrx_word' id='word_1_283' title='bbox 807 3269 953 3342; x_wconf 87' lang='lat' dir='ltr'>Hugonem</span> <span class='ocrx_word' id='word_1_284' title='bbox 965 3260 1000 3322; x_wconf 87' lang='lat' dir='ltr'>de</span> <span class='ocrx_word' id='word_1_285' title='bbox 1015 3260 1105 3322; x_wconf 86' lang='lat' dir='ltr'>Podio</span> <span class='ocrx_word' id='word_1_286' title='bbox 1119 3272 1147 3323; x_wconf 86' lang='lat' dir='ltr'>et</span> 
     </span>
     <span class='ocr_line' id='line_1_31' title="bbox 67 3356 1149 3440; baseline -0.005 -16"><span class='ocrx_word' id='word_1_287' title='bbox 67 3368 210 3424; x_wconf 89' lang='lat' dir='ltr'>Bastetum</span> <span class='ocrx_word' id='word_1_288' title='bbox 226 3362 324 3422; x_wconf 87' lang='lat' dir='ltr'>fratres</span> <span class='ocrx_word' id='word_1_289' title='bbox 337 3360 374 3422; x_wconf 97' lang='lat' dir='ltr'>de</span> <span class='ocrx_word' id='word_1_290' title='bbox 388 3373 480 3422; x_wconf 87' lang='lat' dir='ltr'>castro</span> <span class='ocrx_word' id='word_1_291' title='bbox 498 3359 641 3421; x_wconf 86' lang='lat' dir='ltr'>Relhanie.</span> <span class='ocrx_word' id='word_1_292' title='bbox 660 3394 699 3404; x_wconf 94' lang='lat'>—</span> <span class='ocrx_word' id='word_1_293' title='bbox 720 3377 803 3440; x_wconf 85' lang='lat'>¹390·</span> <span class='ocrx_word' id='word_1_294' title='bbox 822 3365 901 3432; x_wconf 92' lang='lat' dir='ltr'>ltem,</span> <span class='ocrx_word' id='word_1_295' title='bbox 917 3375 1001 3438; x_wconf 87' lang='lat' dir='ltr'>super</span> <span class='ocrx_word' id='word_1_296' title='bbox 1016 3356 1149 3438; x_wconf 86' lang='lat' dir='ltr'>recogni-</span> 
     </span>
     <span class='ocr_line' id='line_1_32' title="bbox 65 3453 1145 3538; baseline -0.006 -17"><span class='ocrx_word' id='word_1_297' title='bbox 65 3459 186 3522; x_wconf 91' lang='lat' dir='ltr'>cioneet</span> <span class='ocrx_word' id='word_1_298' title='bbox 201 3457 332 3538; x_wconf 85' lang='lat' dir='ltr'>homagio</span> <span class='ocrx_word' id='word_1_299' title='bbox 344 3457 424 3521; x_wconf 87' lang='lat' dir='ltr'>factis</span> <span class='ocrx_word' id='word_1_300' title='bbox 438 3456 489 3538; x_wconf 91' lang='lat' dir='ltr'>ipsi</span> <span class='ocrx_word' id='word_1_301' title='bbox 507 3456 582 3518; x_wconf 85' lang='lat' dir='ltr'>dom.</span> <span class='ocrx_word' id='word_1_302' title='bbox 599 3455 731 3536; x_wconf 92' lang='lat' dir='ltr'>dalphino</span> <span class='ocrx_word' id='word_1_303' title='bbox 753 3474 803 3536; x_wconf 91' lang='lat' dir='ltr'>per</span> <span class='ocrx_word' id='word_1_304' title='bbox 820 3455 973 3517; x_wconf 83' lang='lat' dir='ltr'>Richanum</span> <span class='ocrx_word' id='word_1_305' title='bbox 989 3453 1024 3514; x_wconf 90' lang='lat' dir='ltr'>de</span> <span class='ocrx_word' id='word_1_306' title='bbox 1050 3453 1145 3535; x_wconf 76' lang='lat' dir='ltr'>Spina,</span> 
     </span>
     <span class='ocr_line' id='line_1_33' title="bbox 67 3549 1148 3633; baseline -0.006 -16"><span class='ocrx_word' id='word_1_307' title='bbox 67 3550 216 3633; x_wconf 76' lang='lat' dir='ltr'>de&#39;majori</span> <span class='ocrx_word' id='word_1_308' title='bbox 234 3553 356 3615; x_wconf 91' lang='lat' dir='ltr'>dominio</span> <span class='ocrx_word' id='word_1_309' title='bbox 368 3553 451 3632; x_wconf 84' lang='lat' dir='ltr'>castri</span> <span class='ocrx_word' id='word_1_310' title='bbox 468 3553 503 3614; x_wconf 91' lang='lat' dir='ltr'>de</span> <span class='ocrx_word' id='word_1_311' title='bbox 521 3551 674 3615; x_wconf 80' lang='lat' dir='ltr'>Montealto</span> <span class='ocrx_word' id='word_1_312' title='bbox 689 3565 717 3614; x_wconf 94' lang='lat' dir='ltr'>et</span> <span class='ocrx_word' id='word_1_313' title='bbox 730 3551 815 3633; x_wconf 90' lang='lat' dir='ltr'>quad.</span> <span class='ocrx_word' id='word_1_314' title='bbox 841 3550 948 3631; x_wconf 87' lang='lat' dir='ltr'>pareria</span> <span class='ocrx_word' id='word_1_315' title='bbox 961 3569 1043 3631; x_wconf 90' lang='lat' dir='ltr'>quam</span> <span class='ocrx_word' id='word_1_316' title='bbox 1058 3549 1148 3611; x_wconf 86' lang='lat' dir='ltr'>babe-</span> 
     </span>
     <span class='ocr_line' id='line_1_34' title="bbox 67 3647 1149 3732; baseline -0.003 -19"><span class='ocrx_word' id='word_1_317' title='bbox 67 3653 117 3730; x_wconf 85' lang='lat' dir='ltr'>bat</span> <span class='ocrx_word' id='word_1_318' title='bbox 139 3651 213 3731; x_wconf 88' lang='lat' dir='ltr'>apud</span> <span class='ocrx_word' id='word_1_319' title='bbox 238 3650 386 3714; x_wconf 86' lang='lat' dir='ltr'>Sorberiis.</span> <span class='ocrx_word' id='word_1_320' title='bbox 406 3687 447 3698; x_wconf 93' lang='lat'>-</span> <span class='ocrx_word' id='word_1_321' title='bbox 475 3670 559 3732; x_wconf 83' lang='lat'>¹39¹·</span> <span class='ocrx_word' id='word_1_322' title='bbox 578 3658 657 3729; x_wconf 84' lang='lat' dir='ltr'>ltem,</span> <span class='ocrx_word' id='word_1_323' title='bbox 677 3668 761 3729; x_wconf 90' lang='lat' dir='ltr'>super</span> <span class='ocrx_word' id='word_1_324' title='bbox 780 3647 975 3729; x_wconf 86' lang='lat' dir='ltr'>recognicione</span> <span class='ocrx_word' id='word_1_325' title='bbox 997 3647 1070 3710; x_wconf 86' lang='lat' dir='ltr'>facta</span> <span class='ocrx_word' id='word_1_326' title='bbox 1098 3666 1149 3729; x_wconf 86' lang='lat' dir='ltr'>per</span> 
     </span>
     <span class='ocr_line' id='line_1_35' title="bbox 67 3744 1150 3830; baseline -0.004 -18"><span class='ocrx_word' id='word_1_327' title='bbox 67 3748 245 3813; x_wconf 91' lang='lat' dir='ltr'>Nicholetum</span> <span class='ocrx_word' id='word_1_328' title='bbox 260 3749 295 3810; x_wconf 93' lang='lat' dir='ltr'>de</span> <span class='ocrx_word' id='word_1_329' title='bbox 312 3749 377 3811; x_wconf 80' lang='lat' dir='ltr'>nrlo</span> <span class='ocrx_word' id='word_1_330' title='bbox 402 3748 554 3830; x_wconf 86' lang='lat' dir='ltr'>quondam,</span> <span class='ocrx_word' id='word_1_331' title='bbox 583 3748 619 3810; x_wconf 92' lang='lat' dir='ltr'>de</span> <span class='ocrx_word' id='word_1_332' title='bbox 631 3746 745 3828; x_wconf 90' lang='lat' dir='ltr'>pareria</span> <span class='ocrx_word' id='word_1_333' title='bbox 757 3766 839 3827; x_wconf 89' lang='lat' dir='ltr'>quam</span> <span class='ocrx_word' id='word_1_334' title='bbox 854 3744 974 3807; x_wconf 90' lang='lat' dir='ltr'>habebat</span> <span class='ocrx_word' id='word_1_335' title='bbox 987 3744 1061 3825; x_wconf 87' lang='lat' dir='ltr'>apud</span> <span class='ocrx_word' id='word_1_336' title='bbox 1075 3752 1150 3808; x_wconf 87' lang='lat' dir='ltr'>Pru·</span> 
     </span>
     <span class='ocr_line' id='line_1_36' title="bbox 67 3842 1149 3929; baseline 0.001 -21"><span class='ocrx_word' id='word_1_337' title='bbox 67 3847 178 3929; x_wconf 88' lang='lat' dir='ltr'>piaoum</span> <span class='ocrx_word' id='word_1_338' title='bbox 188 3860 217 3909; x_wconf 94' lang='lat' dir='ltr'>et</span> <span class='ocrx_word' id='word_1_339' title='bbox 231 3866 269 3913; x_wconf 79' lang='lat' dir='ltr'>xx</span> <span class='ocrx_word' id='word_1_340' title='bbox 287 3847 364 3909; x_wconf 90' lang='lat' dir='ltr'>libris</span> <span class='ocrx_word' id='word_1_341' title='bbox 377 3847 553 3910; x_wconf 82' lang='lat' dir='ltr'>censualibus</span> <span class='ocrx_word' id='word_1_342' title='bbox 567 3865 636 3927; x_wconf 86' lang='lat' dir='ltr'>quas</span> <span class='ocrx_word' id='word_1_343' title='bbox 650 3845 794 3926; x_wconf 86' lang='lat' dir='ltr'>percipere</span> <span class='ocrx_word' id='word_1_344' title='bbox 804 3842 925 3905; x_wconf 88' lang='lat' dir='ltr'>debebat</span> <span class='ocrx_word' id='word_1_345' title='bbox 939 3844 975 3905; x_wconf 95' lang='lat' dir='ltr'>ab</span> <span class='ocrx_word' id='word_1_346' title='bbox 992 3844 1149 3908; x_wconf 85' lang='lat' dir='ltr'>hominibus</span> 
     </span>
     <span class='ocr_line' id='line_1_37' title="bbox 68 3940 1151 4025; baseline 0 -20"><span class='ocrx_word' id='word_1_347' title='bbox 68 3945 105 4005; x_wconf 91' lang='lat' dir='ltr'>de</span> <span class='ocrx_word' id='word_1_348' title='bbox 119 3944 254 4006; x_wconf 84' lang='lat' dir='ltr'>Rocheta.</span> <span class='ocrx_word' id='word_1_349' title='bbox 271 3980 308 3990; x_wconf 95' lang='lat'><em>-</em></span> <span class='ocrx_word' id='word_1_350' title='bbox 326 3962 410 4025; x_wconf 86' lang='lat'><em>1392.</em></span> <span class='ocrx_word' id='word_1_351' title='bbox 429 3951 509 4019; x_wconf 83' lang='lat' dir='ltr'>Item,</span> <span class='ocrx_word' id='word_1_352' title='bbox 526 3962 610 4024; x_wconf 90' lang='lat' dir='ltr'>super</span> <span class='ocrx_word' id='word_1_353' title='bbox 623 3941 812 4023; x_wconf 83' lang='lat' dir='ltr'>recognitione</span> <span class='ocrx_word' id='word_1_354' title='bbox 826 3954 854 4002; x_wconf 93' lang='lat' dir='ltr'>et</span> <span class='ocrx_word' id='word_1_355' title='bbox 860 3940 990 4022; x_wconf 86' lang='lat' dir='ltr'>homagio</span> <span class='ocrx_word' id='word_1_356' title='bbox 1004 3941 1086 4021; x_wconf 86' lang='lat' dir='ltr'>factis</span> <span class='ocrx_word' id='word_1_357' title='bbox 1100 3961 1151 4024; x_wconf 84' lang='lat' dir='ltr'>per</span> 
     </span>
     <span class='ocr_line' id='line_1_38' title="bbox 68 4038 1150 4129; baseline -0.001 -25"><span class='ocrx_word' id='word_1_358' title='bbox 68 4041 232 4104; x_wconf 86' lang='lat' dir='ltr'>Gaulridum</span> <span class='ocrx_word' id='word_1_359' title='bbox 248 4040 391 4104; x_wconf 89' lang='lat' dir='ltr'>dominum</span> <span class='ocrx_word' id='word_1_360' title='bbox 420 4041 568 4123; x_wconf 85' lang='lat' dir='ltr'>Besignani</span> <span class='ocrx_word' id='word_1_361' title='bbox 586 4040 622 4111; x_wconf 83' lang='lat' dir='ltr'>de</span> <span class='ocrx_word' id='word_1_362' title='bbox 644 4054 672 4107; x_wconf 83' lang='lat' dir='ltr'>et</span> <span class='ocrx_word' id='word_1_363' title='bbox 684 4059 736 4121; x_wconf 91' lang='lat' dir='ltr'>pro</span> <span class='ocrx_word' id='word_1_364' title='bbox 748 4038 846 4119; x_wconf 82' lang='lat' dir='ltr'>castris</span> <span class='ocrx_word' id='word_1_365' title='bbox 864 4038 899 4101; x_wconf 89' lang='lat' dir='ltr'>de</span> <span class='ocrx_word' id='word_1_366' title='bbox 917 4039 1103 4129; x_wconf 83' lang='lat' dir='ltr'>Besig(n)ano</span> <span class='ocrx_word' id='word_1_367' title='bbox 1122 4052 1150 4102; x_wconf 91' lang='lat' dir='ltr'>et</span> 
     </span>
     <span class='ocr_line' id='line_1_39' title="bbox 67 4139 1150 4221; baseline -0.003 -17"><span class='ocrx_word' id='word_1_368' title='bbox 67 4141 106 4204; x_wconf 90' lang='lat' dir='ltr'>de</span> <span class='ocrx_word' id='word_1_369' title='bbox 123 4147 225 4203; x_wconf 85' lang='lat' dir='ltr'>Sancto</span> <span class='ocrx_word' id='word_1_370' title='bbox 244 4141 388 4205; x_wconf 86' lang='lat' dir='ltr'>salvatore</span> <span class='ocrx_word' id='word_1_371' title='bbox 403 4154 431 4204; x_wconf 88' lang='lat' dir='ltr'>et</span> <span class='ocrx_word' id='word_1_372' title='bbox 453 4154 616 4221; x_wconf 79' lang='lat' dir='ltr'>tenemento</span> <span class='ocrx_word' id='word_1_373' title='bbox 626 4140 662 4204; x_wconf 89' lang='lat' dir='ltr'>de</span> <span class='ocrx_word' id='word_1_374' title='bbox 682 4139 775 4204; x_wconf 90' lang='lat' dir='ltr'>Vilari.</span> <span class='ocrx_word' id='word_1_375' title='bbox 798 4173 838 4187; x_wconf 91' lang='lat'>-</span> <span class='ocrx_word' id='word_1_376' title='bbox 868 4156 953 4221; x_wconf 83' lang='lat'>¹393·</span> <span class='ocrx_word' id='word_1_377' title='bbox 973 4147 1053 4218; x_wconf 82' lang='lat' dir='ltr'>ltere,</span> <span class='ocrx_word' id='word_1_378' title='bbox 1066 4157 1150 4220; x_wconf 69' lang='lat' dir='ltr'>super</span> 
     </span>
    </p>
   </div>
   <div class='ocr_carea' id='block_1_4' title="bbox 0 0 1374 4784">
    <p class='ocr_par' dir='ltr' id='par_1_4' title="bbox 0 0 1374 4784">
     <span class='ocr_line' id='line_1_40' title="bbox 0 0 1374 4784; baseline 0 0"><span class='ocrx_word' id='word_1_379' title='bbox 0 0 1374 4784; x_wconf 95' lang='lat' dir='ltr'> </span> 
     </span>
    </p>
   </div>
  </div>
 </body>
</html>
