2716 4784
141 562 247 619 aliorum
262 574 435 622 contractuum
449 565 528 640 ipsum
544 566 611 622 dom.
628 575 740 622 nostrum
755 566 896 640 dalphinum
911 569 1076 640 tangentium,
1092 567 1116 623 in
1130 567 1218 641 quibus

141 649 210 708 libris
224 652 333 709 existunt
347 653 418 728 plura
433 653 593 710 instrumenta
609 652 685 728 ipsius
700 654 765 710 domi
779 653 858 710 nostri
877 656 908 711 de
930 655 1071 728 baylliviatu
1096 655 1218 714 Viennesii

141 747 168 794 et
182 740 358 814 Valentinesii;
374 742 416 816 qui
430 742 485 797 libri
500 752 660 817 ponuntur...

175 845 239 901 495.
255 830 315 884 Item
328 830 436 886 lacobus
451 830 585 902 Boyssonis
600 830 631 885 de
644 829 768 902 Vapiuco,
783 829 929 886 secretarius
942 830 1088 906 dalphinalis
1102 832 1217 905 condam,

140 913 227 971 attulit
241 915 265 971 in
280 916 347 973 dicta
361 935 459 975 camera
474 920 564 993 quend.
581 917 668 973 librum
683 935 869 991 pergameneum
884 918 999 992 illumque
1013 919 1100 976 ibidem
1115 919 1217 992 dimisit,

141 999 165 1056 in
181 1020 232 1076 quo
247 1014 305 1059 sunt
319 1005 390 1079 plura
406 1006 567 1062 instrumenta
582 1015 696 1080 grossata
711 1006 839 1079 tangentia
853 1006 977 1063 dominum
995 1018 1106 1065 nostrum
1125 1007 1218 1082 dalphi-

139 1108 199 1146 num
213 1094 313 1149 racione
326 1093 386 1150 dicti
401 1095 556 1168 baylliviatus
571 1106 595 1151 et
610 1095 713 1151 aliorum
729 1095 913 1168 baylliviatuum
927 1097 1101 1170 Dalphinatus.
1182 1149 1184 1154 .

175 1181 239 1253 496.
256 1182 302 1238 Die
329 1183 373 1239 VII
400 1174 515 1240 febroarii
530 1203 595 1240 anno
618 1183 724 1240 Nativit.
750 1177 799 1238 Diri
821 1184 1086 1257 mcccturxxxvrn,
1102 1186 1218 1259 magIster

137 1269 286 1335 lo(bannes)
300 1269 417 1343 NicoletI,
433 1268 578 1327 secretarius
593 1269 749 1345 dalphinalis,
765 1271 870 1328 tradidit
885 1272 908 1327 in
923 1291 1019 1329 camera
1043 1273 1217 1347 dalphinalium

139 1367 316 1431 computorum
331 1359 418 1415 ibidem
434 1360 620 1416 custodiendum
636 1360 734 1433 quemd.
751 1377 892 1431 processum
901 1361 1043 1417 ventilatum
1058 1363 1217 1418 coramdom·

137 1445 307 1518 gubernatore
320 1448 485 1523 Dalphinatus
500 1448 563 1505 inter
577 1458 659 1505 certos
674 1449 783 1504 homines
797 1448 948 1524 dalphinales
963 1461 987 1506 et
996 1451 1063 1507 dom.
1081 1451 1218 1506 Ambellum

137 1532 169 1588 de
184 1533 298 1590 Ambello
312 1553 342 1592 ex
356 1535 444 1609 altera,
473 1536 596 1612 inceptum
610 1556 676 1593 anno
690 1533 740 1593 Diri
756 1538 923 1593 MCCCIIII¹¹
937 1548 962 1593 et
982 1537 1020 1594 die
1040 1539 1119 1594 XVIII
1140 1532 1216 1594 mens.

120 1616 295 1694 septembris,
311 1641 385 1696 super
399 1642 448 1698 quo
459 1625 513 1681 -Iuit
527 1625 577 1680 lata
592 1625 715 1681 sentencia
729 1625 752 1681 in
768 1642 816 1699 qua
832 1624 972 1681 continetur
995 1626 1061 1700 quod
1077 1644 1160 1682 omnes
1175 1627 1218 1681 ho·

138 1707 217 1764 mines
237 1709 389 1784 dalphinales
418 1712 480 1768 inlra
508 1712 706 1768 mandamentum
730 1713 761 1767 de
775 1715 879 1768 Rouone
899 1713 1014 1785 degentes
1032 1722 1057 1767 et
1070 1713 1131 1768 alios
1146 1731 1218 1786 quos·
1255 1739 1261 1750 ·

138 1813 256 1870 cumque,
276 1799 370 1871 ereptis
388 1801 518 1856 dumtaxat
532 1800 671 1857 hominibus
682 1799 773 1856 domini
788 1800 903 1872 VinaycI,
919 1801 1025 1857 debeant
1039 1801 1129 1856 molere
1145 1800 1217 1856 blada

137 1901 184 1941 sua
200 1886 224 1941 in
244 1887 388 1944 molendInis
415 1887 595 1961 dalprnalibus
618 1887 677 1944 dicti
693 1888 739 1944 loci
760 1889 882 1960 RovonIs,
902 1906 949 1962 que
967 1896 1033 1944 tenet
1047 1888 1070 1944 in
1085 1888 1218 1964 emphiteo-

138 1971 185 2028 sim
197 1993 211 2029 a
222 1973 290 2030 dicto
300 1976 368 2031 dom·
381 1968 468 2031 nostro
482 1976 563 2032 dictus
573 1977 640 2032 dom.
654 1977 787 2032 Ambellus.
1284 1962 1288 1969 ¹

177 2079 240 2136 497.
258 2065 332 2119 Anno
342 2056 389 2118 Diri
405 2065 583 2120 mcccv·
598 2074 623 2120 et
637 2064 676 2120 die
689 2065 741 2119 IIIIa
756 2064 859 2120 mensis·
872 2064 937 2136 maii,
961 2064 1008 2122 luit
1025 2067 1116 2121 lactum
1139 2067 1215 2140 quod.

137 2149 246 2206 vidimus
265 2152 311 2207 sub
325 2151 404 2226 sigillo
420 2152 575 2226 prepositure
589 2152 745 2225 Parisiensis,
761 2153 791 2208 de
805 2153 972 2210 transactione
982 2154 1113 2211 comitatus
1128 2155 1217 2211 Valen-

137 2237 217 2294 tinen.
233 2249 258 2295 et
276 2239 381 2312 Dyensis
395 2240 419 2295 in
443 2259 573 2315 personam
601 2239 693 2297 domini
719 2241 806 2308 nostri·
817 2240 880 2313 regis
898 2242 1007 2315 dalphini
1022 2261 1066 2316 per
1089 2244 1179 2299 revdum
1193 2244 1217 2298 in

135 2327 230 2401 Xpisto
245 2338 342 2400 patrem
352 2338 377 2384 et
391 2328 516 2384 dominum
530 2330 598 2385 dom.
614 2328 756 2402 episcopum
770 2328 926 2387 Valentinen.
937 2339 961 2383 et
971 2329 1103 2401 Dyensem,
1112 2329 1216 2384 Petrum

137 2416 170 2472 de
184 2414 251 2471 Lisle
265 2426 290 2471 et
304 2417 408 2472 Petrum
422 2416 552 2489 Chaberti,
567 2426 743 2491 procuratores
762 2415 793 2470 ad
813 2417 857 2471 hec
882 2416 967 2472 nobilis
993 2427 1019 2471 et
1037 2415 1145 2491 potentIs
1172 2415 1218 2471 viri

137 2503 208 2560 dorn.
225 2502 347 2559 Ludovici
360 2504 391 2560 de
404 2503 528 2576 Pictavia,
545 2503 640 2559 comitis
654 2502 779 2560 Valentin.
799 2513 824 2558 et
838 2503 952 2576 Dyensis.

174 2592 325 2677 4982112112,
341 2593 417 2666 quod.
434 2591 621 2649 instrumentum
637 2610 709 2647 manu
723 2592 779 2647 Iolu.
796 2582 945 2648 Sacristonis
954 2592 985 2647 de
999 2588 1128 2662 Romanis,
1144 2589 1218 2648 Vien·
1318 2623 1320 2627 ·

138 2699 196 2738 nen.
215 2681 328 2754 diocesis,
344 2683 389 2740 sub
404 2700 468 2738 anno
478 2681 529 2736 Diri
543 2682 639 2738 MCCC
655 2691 756 2754 octuag.
772 2683 807 2737 V·
821 2691 847 2737 et
866 2682 904 2738 die
918 2682 1013 2737 XXVII
1034 2681 1121 2737 mensis
1148 2680 1216 2754 junii,

137 2771 270 2826 continens
292 2771 443 2845 emptionem
466 2772 557 2827 laetam
578 2789 621 2846 per
636 2769 796 2825 condominos
816 2771 847 2826 de
860 2771 1008 2827 Romanisa
1032 2770 1161 2826 bernardo
1188 2771 1219 2827 de

139 2859 306 2914 Armannono
321 2858 381 2915 alias
396 2858 511 2931 Roberti,
528 2857 641 2932 burgensi
656 2857 784 2930 Romanis,
813 2860 882 2915 heres
909 2857 1052 2915 universalis
1067 2858 1218 2914 Armannoni

139 2945 251 3019 Dorerii,
281 2947 385 3003 condam
415 2947 542 3020 burgensis
570 2945 703 3018 Romanis,
732 2945 783 3017 ejus
810 2946 923 3002 avunculi
951 2947 981 3003 de
1008 2947 1115 3022 quadarn
1143 2947 1218 3003 domo

115 3083 117 3092 .
138 3053 184 3091 sua
198 3035 294 3105 franca,
311 3034 361 3091 sine
375 3034 441 3091 omni
464 3033 572 3090 dominio
586 3043 611 3088 et
625 3033 718 3107 absque
732 3033 853 3107 aliquibus
868 3052 941 3090 onere
964 3044 989 3090 et
1016 3033 1144 3107 servitute,
1169 3052 1217 3100 una

138 3141 196 3180 cum
212 3122 324 3179 omnibus
346 3122 450 3196 juribus,
472 3121 630 3195 ingressibus,
659 3121 806 3194 egressibus,
827 3121 982 3195 apendenciis
1009 3132 1035 3179 et
1062 3121 1218 3195 pertinenciis
1281 3112 1285 3121 ⁸

138 3211 259 3285 eiusdem,
274 3213 322 3268 sita
342 3210 460 3267 Romanis
475 3211 498 3267 in
519 3211 600 3283 platea
615 3209 712 3282 publica
741 3219 831 3266 vocata
854 3210 936 3284 platea
965 3210 1121 3282 clericorum,
1149 3210 1218 3283 juxta

140 3301 274 3374 quamdam
290 3303 390 3356 domum
404 3317 451 3375 que
464 3298 512 3354 luit
525 3297 580 3354 Joh.
597 3299 628 3354 de
642 3298 701 3353 Alta
716 3297 810 3372 Rippa,
826 3297 930 3352 condam
946 3297 1071 3370 burgensis
1086 3289 1216 3367 Romanis,

139 3405 169 3443 ex
184 3397 257 3462 parte
271 3406 319 3443 una
334 3396 359 3443 et
370 3386 436 3460 juxta
451 3385 556 3461 predict.
587 3385 692 3461 plateam
721 3384 865 3441 clericorum
889 3402 918 3439 ex
933 3384 979 3440 alia
994 3394 1018 3439 et
1032 3383 1100 3456 juxta
1118 3383 1218 3438 domum

141 3475 244 3532 ecclesie
258 3474 329 3531 Beati
344 3473 467 3530 Barnardi
481 3473 512 3529 de
525 3473 644 3529 Romanis
652 3486 687 3529 'ex
702 3474 789 3545 altera,
806 3491 861 3528 curn
875 3471 925 3527 suis
946 3471 999 3526 aliis
1013 3470 1160 3541 confinibus,
1172 3487 1219 3542 pro

141 3562 226 3637 precio
241 3571 266 3617 et
280 3580 373 3618 summa
390 3563 474 3618 VIII¹¹
491 3560 631 3616 francorum
651 3559 720 3616 aurit
736 3578 809 3634 quam
825 3559 921 3633 quidem
949 3576 1067 3614 summam
1082 3557 1142 3614 dict.
1159 3559 1218 3613 Ber·

140 3651 236 3708 nardus
251 3650 438 3708 confessusluit.
454 3651 577 3723 Postque,
593 3666 657 3705 anno
672 3647 722 3703 oni
737 3648 832 3703 MCCC
847 3657 948 3729 octuag.
964 3648 999 3702 V·
1014 3655 1038 3701 et
1054 3644 1094 3701 die
1107 3646 1144 3700 xa
1158 3644 1218 3718 julil,

140 3738 206 3797 idem
233 3740 375 3796 Bernardus
399 3738 524 3794 confessus
552 3736 598 3792 luit
617 3737 682 3810 apud
707 3734 837 3806 Romanis,
852 3734 875 3789 in
904 3733 1045 3807 operatorio
1060 3731 1159 3788 discreti
1173 3731 1219 3788 viri

140 3827 233 3884 Poncii
248 3829 279 3884 de
292 3825 417 3901 eapriliis,
447 3826 574 3900 burgensis
589 3828 740 3906 Romanen,
769 3822 922 3897 presentibus
935 3820 1003 3877 dicto
1021 3821 1125 3893 Pontio,
1141 3824 1221 3878 Petro

140 3915 245 3988 Coperii
260 3913 368 3986 notario,
384 3914 476 3970 Roleto
493 3915 553 3984 ‚Gay
582 3911 642 3968 alias
669 3913 763 3967 Barrot
789 3911 820 3966 de
845 3908 974 3981 Romanis,
990 3926 1015 3964 se
1039 3909 1159 3983 recepisse
1173 3929 1219 3983 pro
1309 3971 1318 3980 ‚

138 4012 218 4078 parte
232 4003 298 4058 dom
313 3999 391 4057 nostri
406 3998 526 4074 dalphinI,
551 3996 691 4054 condomini
715 3998 746 4053 de
760 3996 889 4068 Romanis,
912 4014 955 4072 per
973 3998 1157 4074 manuninum·
1176 3996 1221 4053 viri

133 4089 262 4150 lobannis
276 4090 307 4145 de
327 4088 475 4160 Brabantio,
498 4086 631 4159 receptoris
659 4085 778 4159 generalis
805 4085 979 4159 Dalphinatus,
1004 4103 1122 4141 summam
1150 4086 1219 4139 llllxx

136 4180 255 4236 francor.
273 4176 337 4250 auri,
353 4185 381 4232 ut
394 4185 494 4232 constat
507 4175 668 4231 iustrumento
682 4174 769 4230 exinde
796 4182 897 4247 recepto
911 4192 954 4249 per
973 4174 1103 4232 Nicolaum
1125 4170 1220 4228 PerrIni

137 4278 232 4324 notar.
250 4264 319 4340 publ.
335 4266 381 4321 sub
395 4283 460 4321 anno
472 4274 498 4321 et
509 4262 548 4320 die
562 4262 648 4318 ultimo
661 4262 742 4318 dictis.
815 4300 817 4303 ·

1040 4354 1056 4413 7
