2722 4770
667 394 825 455 ..4,-

254 526 317 588 199.
337 516 414 580 Item,
434 508 518 588 qued.
535 508 613 569 litere
639 507 816 588 pergaminee
836 520 962 568 emanate
986 506 1149 586 amagistro
1167 515 1285 587 Hugone

209 603 244 664 de
257 610 366 666 Gereno
377 603 486 666 officiali
499 605 615 680 vienne,
633 604 806 665 continentes
821 604 969 683 quamdam
984 602 1213 682 compositionem
1237 623 1284 663 seu

209 701 386 762 concordiam
401 701 501 762 iactam
519 702 592 762 inter
607 700 736 762 abbatem
752 700 845 761 Sancti
859 700 969 760 Andree
986 699 1160 772 Viennensis,
1179 719 1214 759 ex
1231 720 1285 761 una

209 812 298 878 parte,
314 810 343 858 et
367 797 442 858 dom.
459 797 621 858 Randonem
640 797 783 857 dominum
805 796 950 857 Bellivisus
962 795 997 856 de
1015 803 1110 856 Marco
1125 796 1243 857 condam
1259 811 1287 858 et

209 895 336 955 homines
350 894 415 956 ville
430 907 458 955 et
472 895 617 974 parrochie
628 893 664 954 de
683 894 820 976 hloydies,
840 913 875 955 ex
889 901 1084 972 altera,super
1099 912 1149 953 usu
1167 913 1286 974 pasque-

210 992 290 1072 ragii,
306 1011 449 1072 aquarum,
466 1010 623 1067 nemorum,
637 991 765 1053 itinerum
776 987 920 1052 civianum
934 1005 1008 1052 terre
1022 991 1088 1052 dicti
1104 990 1208 1052 domini
1224 992 1287 1052 Bel-

209 1089 314 1163 livium,
338 1088 455 1168 sigillate
477 1088 567 1168 sigillo
587 1088 673 1168 ipsius
697 1088 774 1148 dom.
803 1087 937 1162 officialis,
958 1088 1022 1148 date
1053 1101 1080 1148 et
1095 1088 1196 1168 scripte
1213 1099 1286 1147 Χιιιιἃ

210 1184 322 1246 kalend.
340 1184 446 1259 marcii,
469 1203 542 1246 anno
560 1185 613 1244 uni
626 1190 845 1245 M0CC⁰LXXX.

183 1312 189 1324 .
251 1299 318 1342 200.
339 1289 418 1350 ltem,
432 1281 516 1362 qued.
533 1281 611 1343 litere
622 1281 799 1362 pergaminee
816 1294 942 1362 patentes
956 1281 1072 1361 sigillate
1087 1281 1175 1342 tribus
1192 1280 1287 1360 sigillis

210 1379 381 1450 auctenticis,
404 1379 578 1440 continentes
603 1380 760 1460 homagium
781 1392 809 1440 et
837 1378 1056 1460 recognitionem
1080 1380 1179 1439 iactam
1209 1378 1287 1439 dome

211 1475 482 1563 Beatricidalphine
499 1477 617 1538 condam
634 1495 684 1557 per
710 1476 864 1558 Guigonem
889 1476 924 1537 de
949 1475 1113 1537 Rancurello
1128 1480 1193 1555 cap,
1214 1482 1288 1536 Her-

210 1574 353 1649 mitanum,
376 1575 531 1635 Ardencum
553 1587 572 1647 ¹,
593 1567 754 1657 h'ymarum,
770 1574 931 1635 Ancelmum
953 1587 981 1634 et
999 1572 1159 1633 Amandum
1173 1573 1284 1647 fratres,

211 1682 324 1736 Petrum
337 1686 366 1734 et
375 1672 534 1733 hrnaudum
551 1671 622 1733 lilios
637 1672 755 1734 condam
771 1671 932 1746 Arnaudeti‚
960 1670 1087 1732 dominos
1109 1670 1144 1730 de
1172 1677 1287 1729 Rancu-

209 1771 288 1845 rello,
302 1770 338 1831 de
352 1770 426 1832 dicto
443 1783 535 1831 castro
551 1769 707 1833 Rancurelli
717 1768 856 1843 reddibili,
873 1768 975 1848 scripte
1000 1787 1074 1828 anno
1089 1767 1124 1828 ab
1144 1774 1283 1828 incarnat.

213 1869 265 1929 orti
282 1873 538 1940 M⁰CC⁰XXXV110,
554 1879 596 1927 x1³
612 1865 817 1942 kalend.²junii.

251 1983 318 2026 zor.
336 1971 414 2038 Item,
430 1964 515 2044 quod.
535 1962 654 2023 vidimus
661 1963 763 2024 lactum
775 1981 868 2024 coram
884 1961 994 2024 ofhciali
1010 1962 1127 2035 vienne,
1152 1960 1285 2040 scriptum

210 2079 293 2122 manu
302 2059 435 2121 Iohannis
450 2060 486 2121 de
501 2066 572 2120 Cors
584 2059 683 2120 notarii
695 2058 773 2138 publ.
787 2059 840 2122 sub
857 2079 931 2120 anno
945 2059 999 2119 uni
1012 2064 1282 2133 ut⁰ecc0xxxttt⁰,

210 2156 355 2232 continens
369 2156 503 2237 quasdam
518 2155 654 2218 clausulas
666 2156 825 2217 testamenti
838 2154 910 2216 dom'
925 2155 1058 2236 Guigonis
1081 2154 1185 2216 domini
1201 2154 1287 2216 Belli-

210 2254 297 2329 visus,
312 2252 340 2314 in
362 2253 462 2335 quibus
480 2252 610 2316 clausulis
626 2252 772 2314 ordinabat
797 2252 1029 2339 dictustdominus
1046 2252 1191 2314 Bellivisus
1214 2250 1284 2312 duas

209 2349 330 2430 capellas
353 2363 380 2411 et
405 2349 522 2411 tercium
552 2348 726 2411 sacerdotem
756 2349 958 2427 deservientem
985 2351 1013 2410 in
1039 2349 1116 2430 ipsis,
1133 2363 1162 2410 et
1178 2348 1282 2410 eisdem

210 2447 322 2510 volebat
353 2447 493 2528 provideri
522 2466 607 2527 super
642 2445 795 2509 redditibus
822 2445 967 2508 Bellivisus
1002 2445 1037 2508 de
1067 2454 1162 2507 Marco
1195 2457 1223 2505 et
1251 2444 1286 2505 de

198 2544 311 2607 'Pineto
321 2559 349 2607 et
362 2564 446 2626 super
462 2545 627 2626 quibusdam
647 2543 811 2606 molendinis
825 2543 911 2624 ipsius
924 2531 1028 2605 domini
1047 2543 1203 2605 Bellivisus.

253 2659 321 2703 202.
340 2648 419 2718 ltem,
442 2641 528 2723 quod.
547 2642 758 2704 instrumentum
778 2641 911 2721 scripturn
935 2660 1017 2702 manu
1033 2641 1116 2721 Guig.
1133 2639 1286 2713 Frumenti,

212 2741 263 2803 sub
277 2760 350 2803 anno
367 2740 497 2828 Nativit·
515 2741 568 2800 Diri
598 2746 888 2815 Mocccoxxxlttto,
906 2738 1002 2801 indict.
1022 2753 1065 2814 11³,
1082 2739 1126 2800 die
1136 2751 1179 2799 rua
1193 2757 1282 2799 mens.

210 2836 336 2915 januarii,
355 2837 500 2899 continens
527 2837 686 2918 homagium
711 2836 804 2917 ligium
818 2835 921 2898 factum
938 2836 1122 2917 pernobilem
1140 2843 1287 2915 Hugonem

212 2934 361 2997 Bermundi
374 2934 410 2995 de
425 2933 600 2995 Bello'videre
625 2934 653 2994 in
685 2932 808 3015 Royanis
822 2933 901 2993 dom⁰
915 2932 1046 3013 dalphino
1061 2946 1089 2994 et
1118 2932 1289 3018 assignatio-

212 3051 276 3094 nem
288 3035 389 3095 lactam
406 3051 456 3112 per
477 3031 617 3093 dominum
636 3031 710 3093 dicto
736 3038 811 3111 Hug.
829 3030 900 3092 infra
922 3043 1028 3093 certum
1059 3029 1207 3116 terminum
1233 3028 1287 3106 iarn

211 3130 329 3210 lapsum.

190 3288 193 3295 ,
253 3243 320 3303 203.
337 3232 416 3301 Item,
432 3225 518 3306 quod.
533 3225 745 3286 instrumentum
759 3238 902 3305 receptum
914 3243 997 3285 manu
1013 3215 1114 3284 numu
1131 3222 1223 3297 Pilati,
1235 3226 1287 3287 sub

212 3342 285 3386 anno
297 3323 411 3386 Nativit.
427 3322 480 3384 Diri
492 3321 747 3399 trecentorum,
755 3321 850 3385 indict.
863 3336 926 3398 unt,
938 3321 982 3383 die
993 3334 1022 3382 ν’
1032 3322 1134 3383 mensis
1143 3321 1286 3399 febroarii,

212 3425 357 3486 continens
386 3423 543 3503 homagium
571 3422 666 3502 ligium
682 3421 784 3483 iactum
799 3439 850 3501 per
875 3419 951 3480 dom.
981 3418 1141 3480 Arnaudum
1159 3418 1194 3478 de
1208 3425 1288 3500 Rupe

214 3521 289 3582 Furti
312 3520 424 3582 militem
438 3520 516 3580 dom⁰
532 3518 663 3600 dalphino
686 3532 714 3580 et
736 3515 952 3598 recognitionem
970 3532 1102 3596 pereum
1131 3514 1232 3575 factam
1254 3516 1288 3576 de

164 3675 168 3682 .
212 3617 265 3679 hiis
273 3636 327 3699 que
343 3617 427 3680 habet
440 3617 469 3678 in
483 3631 574 3680 castro
587 3615 777 3678 hustheduni²
787 3613 898 3675 nomine
907 3612 1002 3674 uxoris
1012 3630 1061 3674 sue
1075 3624 1103 3672 et
1117 3610 1192 3690 apud
1207 3612 1285 3693 Clay.

254 3733 322 3794 ²04·
341 3722 420 3791 Item,
434 3715 518 3796 qued.
537 3713 615 3775 litere
626 3726 753 3775 emanate
765 3711 800 3773 ab
810 3707 919 3770 officiali
934 3709 1011 3770 curie
1029 3707 1170 3788 Lugduni,
1186 3707 1289 3768 bullate

212 3812 240 3873 in
255 3812 386 3893 pendenti
407 3812 481 3873 bulla
498 3811 627 3892 plumbea
644 3823 672 3872 et
687 3809 777 3890 sigillo
800 3806 873 3867 dicte
890 3806 965 3867 curie
993 3803 1137 3885 Lugdun,
1168 3805 1232 3864 data
1261 3817 1289 3864 et

213 3909 316 3989 scripta
329 3928 402 3970 anno
417 3908 470 3969 uni
487 3914 693 3981 M⁰CC0XL110,
710 3924 804 3966 mense
818 3902 939 3984 augusti,
961 3902 1134 3963 continentes
1149 3900 1286 3982 quandam

255 4132 275 4168 1.
292 4114 312 4166 Α
326 4110 453 4167 Ardicum.
465 4110 503 4151 ⁴-
521 4126 545 4166 2.
557 4111 591 4164 ,qa
604 4107 709 4163 Hosted.
