2716 4784
605 435 763 503 '‘⁸¹9-

143 650 316 730 Bhrgondie,
325 651 433 713 comitis
446 650 584 714 Sabaudie
594 664 623 713 et
631 651 711 713 dome
729 650 891 731 B(eatricis)
904 651 1035 731 dalphine
1045 650 1220 727 Viennensis,

141 748 246 827 scripta
263 749 315 810 sub
329 768 403 811 anno
419 749 473 810 Dr'ri
488 754 739 823 M⁰CC⁰LXX⁰Vl⁰,
764 749 809 810 die
838 749 901 810 lune
923 748 951 809 in
974 747 1123 810 crastinum
1147 748 1221 810 beati
1254 739 1257 744 ’
1318 792 1323 802 ·

142 847 286 922 hnthonii,
302 848 447 911 continens
459 846 666 910 ordinacionem
683 847 824 926 regiminis
838 860 866 908 et
886 845 1136 908 administracionis
1153 847 1222 908 Dal-

141 941 380 1020 phinatuslactam
392 944 464 1006 inter
476 956 617 1023 potentem
632 943 721 1004 virum
731 943 808 1004 dom.
824 943 923 1005 ducem
938 943 1148 1024 Burgundie'ex
1162 962 1220 1005 una

142 1050 224 1116 parte
240 1052 268 1100 et
290 1039 366 1101 dom.
396 1038 592 1121 B(eatricem),
621 1037 778 1118 dalphinam
810 1039 994 1102 Viennensem
1025 1052 1053 1100 et
1080 1039 1220 1102 dominam

144 1135 315 1215 Fucigniaci‚
332 1155 367 1197 ex
376 1136 473 1199 altera.

183 1232 232 1293 86.
251 1239 330 1308 ltem,
344 1232 429 1313 qued.
448 1232 538 1296 littera
551 1233 639 1314 sigillo
666 1233 739 1295 dom'
763 1231 877 1294 Roberti
892 1232 972 1295 ducis
1001 1234 1162 1314 Burgundio
1191 1234 1219 1295 in

141 1327 276 1406 pendenti
289 1327 417 1408 sigillata,
431 1328 533 1408 scripta
542 1329 595 1393 sub
608 1348 682 1391 anno
699 1330 753 1391 Dr'ri
768 1335 868 1390 M⁰CC⁰
884 1348 988 1411 nonag.
1006 1337 1052 1407 V0,
1071 1330 1115 1392 die
1129 1350 1220 1393 vene-

141 1426 179 1488 ris
199 1427 228 1488 in
243 1427 314 1488 festo
336 1427 535 1489 conversionis
549 1427 636 1489 sancti
651 1427 740 1502 Pauli,
760 1427 905 1489 continens
932 1427 1166 1508 composicionem
1192 1442 1220 1490 et

141 1510 322 1585 concordiam
336 1525 423 1586 factas
439 1525 510 1586 inter
523 1525 630 1587 nobiles
644 1537 672 1585 et
703 1538 831 1604 potentes
856 1525 930 1586 viros
962 1525 1039 1586 dom.
1067 1526 1219 1587 Robertum

142 1619 243 1683 ducem
253 1621 413 1701 Burgondie
430 1621 658 1702 suprascriptum,
669 1620 781 1681 nomine
795 1639 845 1681 suo
857 1633 886 1682 et
902 1639 1072 1697 suorum,ex
1079 1641 1132 1683 una
1142 1635 1220 1703 parte

144 1730 173 1779 et
196 1719 273 1779 dom.
297 1717 479 1780 Humbertum
503 1717 663 1799 dalphinum
684 1716 881 1790 Viennensem,
897 1717 1008 1780 nomine
1022 1737 1074 1779 suo
1095 1731 1123 1779 et
1144 1717 1221 1780 dome

144 1823 226 1879 Anne
243 1816 301 1894 ejus
317 1815 472 1901 consortis,
486 1829 514 1878 et
530 1834 642 1877 suorum
660 1813 793 1875 heredum
809 1826 836 1875 et
852 1833 1055 1895 successorum,
1074 1834 1109 1875 ex
1122 1814 1219 1890 altera,

144 1931 230 1992 super
250 1912 396 1993 questione
409 1925 485 1974 mota
502 1913 574 1974 inter
587 1912 663 1992 ipsos
677 1917 761 1992 super
776 1910 957 1990 Dalphinatu3
970 1924 998 1972 et
1007 1910 1057 1972 fuit
1072 1911 1222 1973 concordia

146 2023 175 2072 et
203 2009 373 2090 composicio
392 2009 465 2072 lacta
486 2009 558 2070 inter
571 2008 647 2088 ipsos
663 2008 738 2090 quod
762 2008 852 2070 dictus
873 2008 949 2069 dom.
973 2006 1141 2068 Humbertus
1159 2007 1222 2068 dal·

143 2107 246 2187 phinus
266 2088 449 2187 dominusqde
464 2106 500 2167 de
514 2113 602 2167 Turre
622 2105 758 2180 solvebat,
778 2104 940 2167 remictebat
954 2117 982 2165 et
998 2102 1133 2184 quittabat
1146 2103 1220 2167 dicto

142 2204 209 2267 duci
234 2203 395 2285 Burgundie
411 2203 538 2285 quitquid
553 2203 626 2264 idern
644 2202 720 2263 dom.
741 2202 911 2263 Humbertus
934 2215 962 2263 et
984 2207 1066 2282 llugo
1081 2200 1117 2262 de
1132 2208 1220 2263 Turre

140 2302 228 2363 frater
244 2321 310 2363 suus
324 2299 475 2376 habebant,
492 2298 626 2362 tenebant
640 2312 667 2361 et
691 2299 872 2380 possidebant
884 2313 1011 2378 ternpore
1034 2313 1114 2360 mote.
1120 2319 1219 2381 guerre

140 2398 268 2480 predicte
280 2397 349 2460 citra
365 2416 465 2478 aquam
480 2396 632 2477 vulgariter
645 2397 811 2477 appellatam
826 2403 932 2478 hynez,
942 2396 977 2458 de
993 2396 1114 2481 tetrade
1132 2404 1220 2458 Reve-

140 2507 429 2556 monversusterram
444 2493 482 2555 de
498 2500 631 2576 Breyces,
659 2494 687 2555 in
711 2494 930 2576 quibuscumque
952 2493 1036 2554 rebus
1054 2492 1216 2569 consistant,

140 2590 266 2670 exceptis
282 2588 448 2671 quibusdam
461 2590 559 2653 castris
573 2604 601 2653 et
614 2589 704 2652 feudis
720 2590 861 2671 dequibus
874 2610 904 2652 se
921 2590 1170 2670 compromiserunt
1190 2591 1218 2652 in

138 2701 323 2768 magestatem
330 2688 433 2769 regiam
448 2688 521 2749 dom¹
534 2687 652 2768 Philippi
662 2687 736 2768 regis
751 2695 920 2750 Francorum
935 2702 963 2750 et
978 2688 1064 2750 eciam
1082 2689 1117 2750 de
1131 2689 1220 2769 pluri-

138 2784 192 2845 bus
207 2783 481 2865 aliisquestionibus,
496 2783 581 2847 videl.
593 2784 676 2847 castri
691 2785 832 2860 Tarracie,
845 2784 947 2847 Montis
960 2785 1050 2846 Fortis
1061 2798 1089 2846 et
1099 2784 1218 2864 plurium

137 2880 255 2940 aliarum
280 2879 466 2960 questionum,
492 2880 571 2941 sein
601 2879 706 2942 dictum
725 2880 801 2942 dom.
829 2900 923 2962 regem
943 2882 1216 2961 compromiserunt3

137 2978 231 3039 dictus
253 2997 321 3040 vero
349 2977 406 3039 dux
431 2978 460 3038 in
482 2977 769 3058 recompensationem
792 2978 967 3059 quittacionis
993 2992 1021 3040 et
1046 2979 1218 3042 remissionis

138 3074 259 3154 predict.
286 3073 379 3150 solvit,
396 3074 502 3136 remisit
517 3074 628 3155 penitus
650 3087 678 3136 et
700 3074 828 3155 quittavit
850 3075 925 3136 dicto
942 3075 1018 3136 dom.
1050 3075 1216 3152 Humberto,

139 3171 255 3231 nomine
265 3170 339 3232 dicte
354 3169 649 3233 domthnneconsorti
663 3191 713 3234 sue
726 3172 881 3252 recipienti,
907 3172 1039 3233 heredum
1067 3186 1095 3234 et
1110 3192 1220 3234 succes·

139 3286 236 3328 sorum
252 3285 376 3341 suorum,
386 3266 510 3347 quitquid
520 3266 587 3347 juris
597 3266 718 3330 habebat
731 3268 759 3329 in
772 3269 925 3330 hereditate
936 3282 964 3330 et
972 3267 1052 3330 bonis
1066 3269 1220 3348 Dalphina-

136 3377 184 3425 tus
203 3383 211 3440 ;
243 3364 389 3426 continens
402 3365 484 3426 etiam
496 3363 589 3444 plures
603 3364 672 3426 alios
692 3378 851 3427 contractus
865 3364 974 3428 habitos
987 3364 1060 3427 inter
1086 3365 1162 3444 ipsos
1191 3377 1218 3426 et

138 3460 340 3535 concordatos,
360 3473 443 3541 prout
457 3461 484 3521 in
498 3460 571 3522 dicta
586 3460 676 3522 littera
693 3462 861 3524 continetur.

180 3557 230 3633 87.
251 3563 329 3631 Item,
346 3557 431 3636 qued.
445 3556 535 3620 littera
552 3556 656 3618 adom⁰
671 3557 798 3638 Philippo
814 3578 880 3637 rege
899 3563 1070 3618 Francorum
1091 3572 1218 3620 emanata

137 3654 257 3734 ejusque
272 3654 361 3735 sigillo
391 3654 419 3715 in
444 3654 576 3734 pendenti
603 3652 732 3735 sigillata,
757 3655 859 3734 scripta
873 3654 925 3715 sub
947 3672 1019 3715 anno
1040 3652 1093 3714 nni
1117 3659 1216 3716 M⁰CC.

135 3772 244 3832 nonag.
264 3759 311 3827 V⁰,
327 3751 472 3813 continens
493 3751 717 3831 acceptacionem
745 3763 773 3812 et
798 3749 1041 3811 confirmacionem
1063 3749 1150 3810 lactas
1168 3770 1218 3830 per

136 3847 219 3908 dom.
235 3867 331 3929 regem
347 3855 515 3909 Francorum
533 3867 616 3928 super
632 3847 833 3927 compromisso
859 3859 886 3909 et
911 3846 1062 3909 concordia
1088 3866 1171 3927 supra
1189 3848 1217 3908 in

134 3943 268 4027 proxima
282 3943 372 4005 littera
386 3943 466 4007 factis
478 3963 527 4025 per
544 3944 620 4005 dom.
637 3942 736 4004 ducem
752 3941 911 4022 Burgondie
926 3955 953 4003 et
967 3941 1044 4003 dom.
1078 3942 1221 4003 number:

133 4057 198 4105 tum
217 4039 390 4120 dalphinum,
405 4040 546 4100 dominum
563 4039 598 4100 de
612 4045 712 4112 Turre,
732 4052 759 4099 et
776 4037 959 4117 obligationes
972 4057 1023 4118 per
1039 4039 1128 4100 dictos
1149 4057 1220 4099 con·

134 4151 266 4201 traentes
279 4136 368 4198 lactas
381 4123 409 4197 in
428 4155 512 4198 manu
526 4136 611 4216 ipsius
628 4135 705 4197 dom.
720 4134 795 4216 regis
809 4136 845 4198 de
858 4134 989 4215 predictis
1004 4134 1194 4197 observandis.
