2722 4770
644 417 822 478 -2„-

198 533 274 594 ribus
285 533 344 594 sive
353 533 506 607 fortaliciis,
520 531 659 607 domibus,
675 529 811 605 edifficiis,
829 529 978 606 casalibus,
1002 528 1087 604 areis,
1102 527 1267 602 bominibus,

198 629 368 705 mulieribus,
384 629 509 707 justiciis,
527 628 636 702 bannis,
651 627 781 701 trezenis,
799 626 947 700 laudimiis,
967 625 1143 706 accepitiset
1157 625 1271 686 eschae-

196 729 306 803 mentis,
318 727 540 803 comissionibus,
552 725 710 800 firmanciis,
725 724 849 787 serviciis
862 722 1048 799 censualibus,
1072 721 1204 784 dominiis
1217 722 1269 784 sive

195 824 434 889 dominationibus
448 824 494 886 vel
507 823 688 885 dominaturis
701 841 750 884 seu
769 820 936 903 quibuslibet
955 816 1200 899 juridictionibus,
1224 840 1268 900 pa·

195 921 351 986 tronatibus
365 921 554 995 ecclesiarum,
569 916 694 994 caminis,
717 918 851 1007 pedagiis,
868 917 991 992 usaticis,
1006 916 1108 993 furnis,
1125 917 1265 997 fumagiis,

197 1018 367 1099 emplechiis,
384 1018 523 1092 coroadis,
540 1016 715 1092 molendinis,
731 1014 934 1091 emolumentis,
948 1014 1050 1091 feudis,
1061 1014 1164 1091 alodis,
1178 1014 1264 1090 terris,

176 1142 178 1147 ’
197 1116 276 1191 ortis,
293 1115 394 1191 vineis,
408 1113 555 1189 viridariis,
571 1113 667 1193 pratis,
677 1113 783 1187 insulis,
798 1111 1087 1192 pascuis,paludibus,
1099 1110 1263 1188 nemoribus,

198 1212 328 1288 saltibus,
343 1211 473 1285 heremis,
486 1211 577 1291 patuis
587 1223 616 1272 et
625 1211 835 1286 venacionibus,
848 1209 964 1284 rubinis,
980 1208 1078 1284 alveis,
1093 1208 1174 1290 aquis
1187 1229 1266 1290 aqua-

199 1328 296 1371 rumve
311 1307 484 1383 decursibus,
500 1307 624 1387 piscariis
638 1320 666 1369 et
675 1307 839 1387 piscatis-et
855 1306 1020 1387 generaliter
1031 1305 1059 1367 in
1074 1306 1204 1368 omnibus
1217 1305 1265 1367 cul·

197 1405 233 1467 tis
249 1403 409 1481 etincultis3
425 1404 550 1484 promisit
558 1404 645 1466 eciam
660 1404 750 1468 dictus
770 1404 1030 1487 dom.‚Ronsolinus
1049 1422 1102 1484 per
1118 1403 1265 1484 stipulatio

198 1519 262 1564 nem
287 1498 467 1581 sollempnem
499 1501 575 1582 quod
599 1500 635 1563 de
662 1501 793 1582 predictis
821 1500 869 1563 fiet
895 1500 1054 1581 recognitio
1069 1500 1099 1561 in
1117 1501 1264 1563 mutacione

198 1598 302 1662 domini
315 1618 365 1660 seu
379 1599 489 1661 vassalli
509 1613 538 1661 ut
552 1599 678 1680 superius
691 1599 763 1661 facta
780 1612 833 1673 est,
854 1598 928 1680 quod
955 1599 1047 1659 instrm
1071 1597 1206 1679 scriptum
1229 1609 1265 1659 est

198 1718 282 1761 manu
311 1696 447 1760 Guillelmi
477 1697 639 1778 Audegaudi
663 1697 762 1760 notarii
786 1697 864 1778 publ.
889 1696 941 1758 sub
953 1716 1026 1759 anno
1043 1703 1154 1759 lncarn.
1172 1700 1265 1757 M⁰CC⁰

200 1794 429 1870 Lxxl1110,scil.
442 1812 482 1855 nn
493 1794 606 1855 kalend.
622 1794 699 1873 junii.

244 1893 328 1972 1306.
348 1899 428 1967 ltem,
444 1890 529 1972 quod.
548 1891 585 1953 al.
602 1891 813 1953 instrumentum
825 1890 971 1952 continens
980 1889 1177 1952 vendicionem
1190 1910 1264 1973 quam

198 1991 264 2054 lecit
276 1991 353 2051 dom.
370 1988 576 2051 Guillelmusde
590 1988 698 2063 Altana,
716 1988 845 2050 dominus
863 1988 1021 2068 Besignani,
1041 1987 1122 2049 dom⁰
1136 1995 1268 2071 Reymon-

199 2088 237 2149 do
252 2087 288 2147 de
304 2086 472 2148 Medullione
486 2086 521 2147 de
532 2084 659 2147 omnibus
674 2086 725 2147 hiis
739 2106 793 2167 que
807 2086 937 2160 habebat,
951 2086 1065 2148 tenebat
1075 2100 1103 2148 et
1113 2086 1267 2166 possidebat

200 2196 228 2245 et
242 2181 310 2244 alius
324 2181 436 2243 nomine
449 2181 534 2263 ipsius
546 2181 574 2243 in
588 2195 680 2244 castro
696 2195 724 2244 et
735 2182 800 2245 villa
813 2183 849 2244 de
861 2190 980 2263 Pugeto,
996 2182 1075 2244 vallis
1087 2183 1265 2259 Badoneusis,

199 2293 228 2344 et
240 2279 380 2343 territorio
392 2279 527 2359 ejusdem,
540 2280 670 2360 scriptum
685 2299 767 2341 manu
780 2279 916 2341 Guillelmi
933 2278 1076 2359 Rostagnii
1094 2278 1206 2354 notarii,
1222 2277 1267 2342 sub

199 2397 273 2440 anno
287 2377 341 2439 Diri
357 2382 581 2453 M⁰cc⁰uxxv⁰,
597 2389 649 2439 xvt
659 2376 954 2458 kalend.'septenbris.
1057 2411 1061 2418 ·

243 2494 328 2554 ¹307·
349 2482 427 2550 ltem,
446 2473 532 2553 quod.
556 2474 592 2535 al.
614 2474 825 2537 instrumentum
842 2475 973 2555 scriptum
992 2495 1075 2537 manu
1091 2474 1178 2556 Guig.
1202 2481 1269 2536 Fru-

199 2572 502 2655 mentideGronopoli,
522 2572 573 2634 sub
589 2591 662 2633 anno
684 2571 736 2632 oni
757 2572 1107 2648 M⁰1110XXX1111⁰,indic.
1125 2585 1168 2649 1ιᾶ,
1181 2572 1225 2633 die
1240 2583 1268 2632 ra

198 2670 300 2732 mensis
313 2669 380 2748 julii,
396 2670 540 2732 continens
558 2670 632 2751 quod
647 2669 747 2731 nobilis
771 2676 853 2749 Hugo
864 2668 1012 2745 Adamarii,
1029 2662 1101 2730 filius
1122 2669 1197 2730 dom¹
1213 2676 1271 2730 Hu-

198 2767 278 2848 gonis
289 2765 427 2828 Adamarii
441 2767 571 2843 condam,
587 2767 750 2848 recognovit
762 2750 790 2828 e't
806 2767 948 2828 confessus
962 2766 1013 2829 fuit
1024 2786 1054 2829 se
1070 2781 1167 2829 tenere
1176 2767 1206 2829 in
1216 2767 1270 2828 leu-

197 2865 263 2926 dum
273 2865 414 2925 franchum
432 2866 483 2927 sub
498 2879 526 2950 et
540 2867 575 2928 de
589 2867 711 2928 dominio
724 2880 752 2928 et
771 2866 908 2947 segnioria
925 2866 998 2928 dum¹
1016 2866 1150 2947 dalphini,
1166 2865 1266 2928 domini

198 2960 375 3036 Medulionis,
391 2963 567 3037 medietatem
593 2964 677 3025 videl.
697 2977 803 3045 partem
817 2964 974 3025 inferiorem
987 2963 1114 3026 fortalicii
1140 2977 1168 3026 et
1191 2963 1270 3025 castri

125 3102 126 3107 η
198 3055 233 3118 de
249 3056 374 3118 Mollanis
392 3056 436 3119 siti
452 3058 480 3119 in
494 3059 606 3141 dyocesi
621 3061 830 3142 Vayssionensi,
845 3062 910 3123 item
933 3075 1053 3123 castrum
1070 3068 1153 3122 Petne
1177 3069 1271 3142 Longe

124 3217 126 3222 ,
197 3152 320 3232 ejusdem
337 3153 466 3236 dyocesis
485 3173 547 3216 cum
569 3168 628 3218 toto
642 3156 794 3234 territorio,
819 3171 846 3220 et
870 3177 922 3238 pro
943 3157 1074 3238 predictis
1094 3158 1161 3220 fecit
1178 3158 1270 3221 huma·

197 3251 272 3333 giurn
287 3263 315 3313 et
328 3250 445 3331 prestitit
456 3249 594 3315 fidelitatis
607 3267 821 3316 sacramentum.

240 3350 324 3428 1308.
342 3355 421 3425 ltem,
437 3349 523 3429 quod.
540 3350 576 3411 al.
593 3350 669 3430 publ.
694 3351 905 3413 instrumentum
926 3350 1058 3431 scripturn
1071 3371 1155 3413 manu
1169 3351 1271 3415 Alberti
1302 3427 1308 3440 .<

133 3449 175 3532 ἀ
196 3445 231 3509 de
248 3447 359 3530 Brayda
373 3447 472 3508 notarii
486 3447 563 3528 publ.
591 3448 643 3509 sub
665 3467 737 3510 anno
755 3449 842 3511 Ditice
860 3457 968 3512 lncarn.
995 3456 1096 3511 111060>
1118 3446 1271 3531 nonagess⁰

152 3552 155 3559 '
197 3550 273 3621 11110,
289 3545 334 3607 die
347 3545 474 3607 mercurii
492 3560 556 3626 post
569 3547 683 3609 octabas
697 3548 896 3628 apostolorum,
921 3548 1066 3610 continens
1087 3549 1269 3612 donacionem

194 3642 342 3724 quorumd.
357 3643 535 3705 servitiorum
545 3644 710 3707 donatorum
722 3645 799 3707 dom⁰
813 3646 965 3708 Humberto
976 3645 1106 3726 dalphinu
1119 3646 1269 3709 Viennensi

194 3757 245 3816 per
259 3744 405 3820 Hugonein
421 3739 456 3802 de
468 3741 529 3803 Alta
544 3742 625 3822 Ripa,
640 3762 694 3823 que
707 3742 817 3824 quidem
834 3742 950 3805 servicia
970 3742 1060 3806 eidem
1077 3744 1190 3824 Hugoni
1207 3765 1271 3825 per·

196 3844 300 3896 mutata
313 3836 459 3898 extiterant
477 3837 640 3919 Rodulphus
653 3839 689 3900 de
702 3845 800 3900 Lento.

239 3948 322 4011 ¹309·
350 3939 429 4008 Item,
447 3933 533 4015 quod.
558 3934 595 3997 al.
619 3935 830 3998 instrumentum
847 3936 979 4017 scriptum
1006 3936 1048 4016 (ut
1071 3937 1209 4018 prend),
1228 3937 1270 3999 die

194 4045 281 4089 meru
302 4041 365 4108 post
384 4030 477 4093 octab.
494 4031 614 4111 apostol.
631 4032 705 4094 Petri
720 4047 748 4096 et
768 4033 857 4108 Pauli,
873 4034 1018 4096 continens
1032 4034 1108 4114 quod
1132 4035 1268 4096 lordanus

194 4123 265 4188 filius
279 4125 396 4189 condam
415 4128 567 4190 Percevalli
582 4128 617 4197 de
632 4131 886 4214 Brosioconlessus
899 4131 989 4194 fuitse
1000 4145 1096 4194 tenere
1110 4133 1146 4194 ab
1159 4132 1196 4194 111ί
1209 4133 1268 4194 viro
