2716 4784
485 408 496 423 ³
580 419 757 481 -115-

166 533 238 593 628.
257 541 335 609 Item,
350 534 437 614 quod.
452 536 489 596 ai.
505 535 717 596 instrumentum
727 534 770 614 (ut
783 535 868 618 627),
884 537 1029 599 continens
1048 537 1206 620 homagium

122 629 222 710 ligium
238 631 273 692 de
294 649 413 711 persona
436 632 581 712 prestitum
610 632 688 692 dom⁰
700 633 798 693 nostro
813 633 944 714 dalphino
966 653 1016 715 per
1031 634 1205 696 Guillelmum

125 728 225 790 Pilosii
243 729 277 789 de
292 729 430 791 alavardo
446 743 473 791 et
487 731 574 791 eciam
592 729 814 810 recognicionem
826 752 876 812 per
889 752 952 793 eum
969 733 1069 794 factam
1080 733 1115 794 de
1125 732 1209 795 rebus

121 825 197 887 inira
211 826 332 906 scriptis,
345 826 435 906 primo
447 826 531 888 videl.
544 828 687 889 confessus
701 827 752 889 fuit
763 848 793 890 se
812 842 908 890 tenere
928 829 1038 910 abipso
1052 831 1128 891 dom.
1148 830 1210 891 dal-

121 923 211 1003 phino
224 937 281 985 tres
295 937 387 1004 partes
400 925 530 986 mistralie
545 926 580 987 de
598 927 785 1006 Chassenage‚
807 940 835 988 et
853 926 938 989 habet
952 928 1063 990 racione
1080 928 1210 991 mistralie

121 1032 183 1080 tres
196 1034 291 1101 partes
304 1022 390 1082 tercie
403 1022 489 1101 partis
503 1022 659 1083 bannorum
674 1036 702 1084 et
716 1023 913 1104 eycheutarum
929 1037 957 1086 et
965 1026 1079 1087 triantes
1092 1026 1209 1086 duarum

117 1130 304 1179 cornatarum
319 1118 392 1199 apud
407 1119 548 1200 Capellam
563 1120 710 1194 Albamet
737 1120 872 1202 solagium
900 1122 929 1183 in
951 1122 1074 1203 qualibet
1096 1136 1209 1185 comata

121 1216 197 1278 duas
212 1217 324 1297 gerbas,
341 1231 369 1279 et
377 1230 455 1279 tenet
469 1217 550 1279 etiam
567 1216 702 1299 quosham
718 1237 818 1280 census
839 1218 1029 1299 infrascriptos
1049 1239 1112 1281 cum
1128 1233 1211 1280 tene-

122 1314 271 1376 mentariis
284 1314 464 1395 infrascriptis
478 1328 507 1376 et
515 1329 591 1377 tenet
605 1316 714 1376 vineam
729 1328 757 1376 et
771 1329 872 1377 terram
888 1336 957 1397 quas
971 1316 1055 1378 habet
1069 1316 1098 1378 in
1110 1315 1209 1378 comba

127 1409 210 1471 Celin
237 1423 265 1471 et
291 1411 359 1471 duas
386 1411 566 1493 fossor(atas)
580 1412 660 1472 vinee
682 1412 710 1482 in
726 1411 883 1473 Bietoveria
899 1426 926 1474 et
943 1412 998 1474 duo
1011 1413 1127 1493 jornalia
1136 1426 1210 1475 terre

122 1525 139 1565 a
152 1504 347 1582 Greboudam,
361 1519 390 1569 et
403 1508 481 1587 plura
495 1508 547 1570 alia
563 1509 591 1569 in
619 1508 693 1571 dicto
716 1509 805 1572 instrto
828 1524 958 1572 contenta
975 1525 1003 1572 et
1015 1511 1166 1592 descripta,
1183 1523 1211 1573 et

120 1615 314 1664 terminum...
655 1627 659 1632 ¹

165 1698 237 1779 629.
256 1707 335 1775 item,
354 1702 440 1782 quod.
455 1702 491 1763 al.
506 1701 717 1764 instrumentum
726 1702 859 1783 (111618),
877 1701 921 1763 die
935 1720 971 1763 xv
981 1722 1069 1764 mens:
1080 1702 1208 1782 januarii,

121 1797 274 1858 continens
301 1799 458 1880 homagium
487 1798 580 1880 ligium
599 1800 634 1861 de
648 1819 767 1880 persona
783 1798 925 1879 prestitum
949 1799 984 1860 ill¹
1000 1800 1117 1879 principi
1132 1799 1211 1861 dom⁰

121 1907 224 1959 nostro
245 1896 400 1978 humberto
414 1896 470 1958 diro
485 1897 634 1959 Viennensi
651 1896 783 1977 dalphino
795 1914 846 1976 per
861 1902 1008 1976 Hugonem
1032 1897 1161 1959 Mistralis
1174 1896 1210 1958 de

128 1991 274 2072 oysencio
289 2007 316 2054 et
329 1994 514 2055 terminum...
630 2067 632 2072 ¹

166 2088 239 2166 630.
258 2096 336 2167 Item,
355 2090 440 2171 quod.
454 2092 490 2152 al.
503 2091 715 2153 instrumentum
728 2089 771 2171 (ut
785 2089 869 2171 618),
888 2090 1033 2153 continens
1050 2090 1209 2172 homagium

122 2185 221 2267 ligium
239 2185 275 2247 de
285 2206 403 2266 persona
418 2188 561 2267 prestitum
577 2187 656 2249 110111Ο
670 2201 766 2250 nostro
781 2187 912 2268 dalphino
941 2209 991 2270 per
1006 2189 1159 2251 iohannem
1175 2188 1210 2250 de

124 2283 274 2364 Engoniis‚
288 2284 323 2345 de
333 2285 437 2358 visilia,
452 2299 479 2348 et
488 2286 673 2347 terminum...
1168 2279 1171 2285 ’

165 2381 239 2459 631.
269 2388 352 2458 item,
376 2383 462 2463 quod.
493 2383 540 2444 ah·
562 2383 773 2444 instrumentum
803 2381 846 2462 (ut
863 2380 956 2462 618),
985 2381 1030 2442 die
1051 2399 1092 2442 nra
1119 2399 1208 2442 mens.

122 2478 255 2557 januarii,
272 2478 417 2540 continens
429 2479 587 2560 homagium
603 2480 695 2560 ligium
709 2478 745 2540 de
761 2497 880 2558 persona
900 2477 1048 2558 prestitum
1060 2496 1111 2558 per
1139 2476 1210 2538 Gui-

123 2593 231 2655 gonem
244 2575 361 2635 Romani
378 2575 532 2637 Triviarum
552 2575 632 2636 dom⁰
645 2588 741 2636 nostro
757 2574 888 2654 dalphino
905 2588 933 2636 et
946 2574 1130 2635 terminum...

165 2670 239 2746 632.
256 2677 335 2746 Item,
352 2673 437 2752 quod.
453 2674 490 2734 al.
517 2674 729 2734 instrumentum
748 2671 790 2752 (ut
800 2672 936 2756 proten),
954 2673 1098 2734 continens
1112 2673 1212 2733 homa·

123 2766 203 2847 giurn
218 2766 312 2846 ligium
340 2769 483 2848 prestitum
511 2790 562 2850 per
591 2769 765 2831 Guillelmum
792 2763 921 2829 Mistralis
950 2769 986 2830 de
1014 2770 1152 2851 Oysencio
1175 2768 1212 2830 ill¹

122 2862 247 2942 principi
264 2862 341 2923 dom⁰
353 2878 451 2927 nostro
470 2866 499 2927 d.
519 2866 673 2928 Humberto
688 2866 764 2926 dom.
790 2864 939 2927 Viennensi
961 2866 1092 2946 dalphino
1117 2879 1145 2928 et
1157 2880 1213 2928 ter·

124 2959 274 3020 minum...
1203 3039 1209 3051 .

167 3056 239 3134 633.
263 3064 341 3132 item3
370 3059 456 3139 quod.
485 3059 521 3120 al.
548 3059 625 3140 publ.
649 3059 860 3120 instrumentum
888 3059 931 3140 (ut
959 3058 1044 3142 618),
1067 3058 1212 3120 contineris

126 3153 289 3234 homagium
305 3155 397 3236 ligium
423 3158 566 3236 prestitum
587 3176 637 3236 per
665 3163 811 3236 Hugonem
827 3155 862 3216 de
878 3156 1005 3217 Cizerino
1029 3156 1164 3235 juniorem
1176 3154 1212 3215 ill¹

125 3250 248 3332 principi
258 3250 336 3312 dom⁰
350 3267 446 3315 nostro
464 3253 492 3314 d.
516 3253 660 3314 Hunberto
673 3252 821 3314 Viennensi
833 3252 962 3332 dalphino
985 3266 1013 3314 et
1025 3252 1211 3323 terminum...¹
1271 3240 1280 3259 '

169 3348 240 3425 634.
261 3355 339 3425 Item,
371 3350 456 3430 quod.
479 3351 690 3411 instrumentum
717 3349 760 3429 (ut
776 3349 860 3429 618),
886 3350 1031 3410 continens
1054 3347 1212 3426 homagium

125 3445 224 3526 ligium
240 3444 275 3507 de
301 3465 420 3526 persona
446 3447 589 3527 prestitum
608 3447 686 3507 d0m⁰
708 3458 804 3506 nostro
826 3445 971 3506 Hunberto
985 3442 1134 3506 Viennensi
1151 3441 1214 3503 dal-

126 3543 216 3624 phino
231 3562 282 3622 per
297 3551 464 3605 Peronetum
476 3544 510 3606 de
526 3544 654 3624 Grangiis
666 3543 702 3604 de
716 3542 834 3603 Buxeria
852 3556 880 3604 et
897 3542 1081 3604 terminum.:.
1245 3544 1251 3554 '

169 3640 241 3717 635.
265 3647 345 3716 Item,
362 3641 448 3721 quod.
476 3642 685 3703 instrumentum
703 3640 745 3720 (ut
771 3639 854 3719 618),
886 3639 1031 3701 continens
1053 3636 1213 3716 homagium

126 3738 225 3818 ligium
241 3739 277 3798 de
294 3757 413 3818 persona
423 3739 566 3819 prestitum
582 3739 662 3799 domo
677 3749 773 3796 nostro
784 3735 914 3815 dalphino
930 3754 979 3816 per
994 3742 1107 3798 Petrum
1119 3732 1214 3794 Vsmi-

126 3834 211 3896 donis
222 3834 258 3895 de
271 3837 429 3915 Pasqueriis
451 3850 479 3898 et
496 3836 681 3898 terminum...
720 3911 722 3917 ‚

168 3931 241 4010 636.
258 3939 338 4008 Item,
353 3933 439 4014 quod.
453 3934 489 3995 al.
508 3934 719 3995 instrumentum
731 3931 774 4012 (ut
787 3930 872 4012 631),
887 3929 1032 3994 continens
1053 3931 1211 4013 homagium

126 4028 226 4110 ligium
242 4028 277 4089 de
290 4049 410 4108 persona
417 4031 560 4109 prestitum
577 4028 734 4109 ilrprincipi
749 4027 967 4089 dom⁰nostrod.
986 4029 1140 4091 Humberto
1156 4028 1213 4089 diro

129 4125 284 4188 Viennensi
296 4124 428 4206 dalphino
443 4146 493 4207 per
510 4126 656 4214 Lagerium
671 4125 707 4186 de
726 4123 816 4186 Pratis
827 4137 855 4185 et
866 4123 1051 4205 terminum...
