2716 4784
613 402 652 415 —
673 387 690 444 7
712 403 751 415 -ι

179 511 227 554 22.
247 500 317 554 Item
333 494 419 574 quod.
439 495 512 556 aliud
541 497 745 576 privilegiuma
770 512 923 578 magestate
939 498 1074 561 Fredelici
1096 501 1218 580 impera-

133 589 206 652 toris
222 603 391 665 emanatum,
416 591 444 651 in
472 593 603 672 pendenti
616 592 690 656 bulla
718 613 799 655 cerea
827 595 986 675 sigillatum,
1016 596 1154 676 scriptum
1169 616 1219 677 per

137 693 263 747 Raonem
286 686 323 748 de
348 693 443 767 Capua
470 688 608 750 notarium
622 689 708 769 ipsius
721 691 892 770 magestatis,
917 692 969 755 sub
984 712 1057 754 anno
1073 689 1216 756 incarnac.

138 784 228 844 Dirice
246 789 419 859 M⁰CC⁰XL⁰,
438 803 534 845 mense
547 785 718 860 novembris,
735 786 880 849 continens
900 788 975 868 quod
1000 788 1060 868 ipsa
1079 801 1217 870 magestas

136 882 216 943 dedit
229 881 264 943 de
275 881 361 943 feudo
370 901 463 944 annuo
475 884 628 944 camerario
642 884 715 946 dorn¹
726 884 847 964 dalphini
874 886 1038 948 Viennensis
1060 887 1216 968 quindecim

136 979 235 1040 uncias
249 978 308 1039 auri
318 978 512 1059 percipiendas
522 999 605 1058 super
621 998 671 1040 sua
682 999 793 1042 camera
809 981 889 1042 annis
899 981 1024 1062 singulis.

122 1076 129 1087 '
181 1094 229 1151 23.
244 1082 322 1150 Item,
332 1075 417 1155 qued.
429 1075 481 1136 alie
498 1075 587 1137 littere
599 1096 616 1137 a
630 1090 783 1156 magestate
795 1077 983 1157 imperatoria,
1000 1078 1086 1141 videl.
1104 1079 1215 1140 Rodufo

135 1172 233 1233 divina
249 1172 399 1233 clemencia
434 1178 621 1233 Romanorum
650 1191 728 1253 rege,
761 1188 888 1236 emanate
916 1175 1030 1256 ejusque
1057 1177 1216 1255 magestatis

135 1269 228 1350 sigillo
241 1288 306 1330 cera
323 1268 385 1330 alba
399 1267 561 1349 impendenti
577 1269 704 1350 sigillate,
722 1270 773 1331 sub
788 1290 861 1333 anno
881 1261 935 1332 oiri
950 1277 1050 1332 M⁰CC⁰
1064 1281 1169 1352 nonag⁰
1181 1279 1215 1348 1⁰,

135 1367 217 1447 regni
233 1386 300 1429 vero
315 1365 401 1446 ipsius
415 1386 489 1428 anno
503 1376 597 1442 xv1n0,
613 1367 787 1430 continentes
800 1368 875 1448 quod
890 1368 950 1448 ipsa
963 1368 1141 1448 imperatoria
1154 1390 1218 1431 ma-

134 1478 231 1545 gestas
245 1463 419 1527 concedebat
432 1479 460 1527 et
475 1465 667 1528 auctoritatem
677 1486 755 1527 suam
766 1465 909 1545 prestabat
931 1467 1065 1547 episcopo
1089 1468 1218 1530 valanti-

135 1560 217 1623 nensi
234 1573 261 1621 et
277 1560 394 1641 Dyenci‚
412 1561 583 1640 principibus
600 1561 656 1622 suis
674 1575 702 1622 et
715 1561 854 1623 nobilibus
884 1561 949 1624 viris
974 1563 1129 1625 llumberto
1154 1564 1218 1626 dal-

135 1658 221 1738 phino
235 1657 383 1718 Viennensi
396 1672 424 1719 et
438 1657 551 1719 Albonis
564 1657 657 1719 comiti
671 1657 882 1738 cenescalloque
895 1678 946 1719 suo
958 1659 986 1719 in
1003 1679 1091 1739 regno
1118 1661 1218 1721 Arela-

135 1754 220 1829 tensi,
236 1767 265 1815 et
277 1754 362 1815 nobili
378 1769 504 1816 matrone
522 1754 669 1835 B(eatrici)
683 1755 795 1816 domine
811 1755 982 1835 Fucigniaci,
992 1756 1116 1819 Amedeo
1124 1757 1217 1818 comiti
1323 1822 1325 1827 ,

136 1851 315 1914 debennensi
328 1864 355 1912 et
367 1859 488 1933 aymaro
501 1851 536 1912 de
566 1851 690 1913 Pictavia
704 1865 732 1913 et
762 1850 840 1912 dom⁰
867 1851 1022 1913 Humberto
1039 1853 1074 1914 de
1095 1853 1215 1927 Vilariis,

135 1950 266 2011 unionem
274 1949 365 2009 lacere
378 1962 406 2010 et
420 1948 507 2029 ipsam
521 1947 609 2026 jussit,
621 1947 766 2028 sollempni
780 1947 960 2028 stipulacione
981 1961 1008 2009 et
1034 1946 1218 2027 promissione

136 2046 165 2106 in
180 2044 307 2106 manibus
319 2044 474 2106 serenitatis
488 2044 573 2123 ipsius
587 2045 659 2105 lacta
682 2058 710 2106 et
724 2044 862 2124 corporali
877 2044 992 2124 prestito
1006 2044 1174 2122 juramento,
1190 2058 1219 2107 et

137 2141 295 2222 specialiter
305 2154 402 2202 contra
414 2140 532 2202 rebelles
546 2141 653 2221 imperii
665 2160 698 2202 ac
713 2140 908 2202 mandatorum
925 2140 1059 2221 regalium
1074 2157 1219 2221 contemp

135 2253 214 2301 tores
236 2251 263 2299 et
291 2250 388 2299 contra
408 2256 542 2318 personas
572 2237 650 2314 alias,
674 2237 807 2318 cujusque
829 2232 927 2313 status,
956 2237 1140 2300 condictionis
1170 2252 1219 2300 aot

138 2335 281 2417 dignitatis
291 2335 420 2397 existant.
1201 2357 1203 2360 ·

180 2451 228 2510 24·
246 2439 325 2507 ltem,
342 2432 426 2512 qued.
441 2430 532 2493 littere
546 2431 581 2492 ad
594 2431 772 2512 imperatoria
788 2444 943 2512 magestate
957 2445 1085 2494 emanate
1097 2416 1217 2512 eiusque

136 2529 299 2611 magestatis
313 2528 402 2609 sigillo
424 2529 452 2590 in
467 2528 551 2590 dorso
577 2548 641 2590 cera
654 2528 717 2590 alba
748 2528 876 2610 sigillate,
893 2527 977 2589 videl.
993 2527 1147 2607 Lugdovici
1168 2528 1218 2593 Dei

137 2628 227 2708 gratia
243 2635 429 2688 Romanorum
442 2626 622 2706 imperatore,
646 2626 691 2686 die
705 2637 787 2686 nouna
802 2624 905 2687 mensis
930 2624 999 2703 julii,
1029 2625 1107 2704 regni
1133 2624 1219 2704 ipsius

137 2743 214 2785 anno
227 2732 318 2798 xx1u0,
336 2722 444 2802 imperii
457 2741 525 2783 vero
540 2742 614 2783 anno
628 2732 668 2797 x⁰,
685 2721 859 2783 continentes
875 2720 949 2801 quod
965 2721 1025 2801 ipsa
1041 2721 1218 2802 imperatoria

136 2834 278 2901 magestas
292 2821 367 2881 dom.
386 2820 569 2881 Humbertum
580 2820 739 2900 dalphinum
755 2819 940 2880 Viennensem
954 2818 1104 2880 mandabat
1122 2819 1218 2880 venire

137 2939 202 2980 cum
217 2918 310 2990 armis,
329 2937 383 2978 una
396 2936 457 2978 cum
472 2917 601 2996 gentibus
613 2917 680 2992 suis,
699 2916 734 2978 ad
752 2916 882 2994 juvamen
896 2916 982 2997 ipsius
1006 2916 1166 2996 magestatis
1191 2930 1219 2979 et

137 3014 288 3076 tuicionem
298 3013 415 3092 imperii.

182 3127 230 3188 25.
247 3114 326 3181 ltem,
342 3107 428 3188 quod.
447 3108 521 3169 aliud
535 3108 709 3189 privilegium
726 3108 762 3169 ab
774 3109 953 3190 imperatoria
970 3121 1123 3190 magestate
1140 3115 1220 3170 l-len-

137 3207 199 3268 rico
211 3205 378 3284 imperatore
393 3213 580 3267 Romanorum
598 3205 784 3287 (emanatum)
799 3205 913 3284 ejusque
942 3203 1101 3284 magestatis
1130 3202 1219 3283 sigillo

139 3323 206 3366 cera
223 3301 285 3364 alba
298 3301 326 3362 in
353 3302 484 3383 pendenti
499 3302 657 3383 sigillatum,
688 3302 843 3373 continens¹
860 3300 935 3382 quod
963 3301 1023 3382 ipsa
1043 3300 1220 3380 imperatoria

139 3412 281 3480 magestas
291 3399 441 3461 mandabat
454 3398 551 3461 illustri
567 3399 628 3460 viro
651 3398 728 3460 dom.
758 3398 877 3460 iohanni
904 3397 1035 3478 dalphino
1057 3396 1217 3473 Viennensi,

139 3497 218 3578 quod
232 3496 291 3577 ipse
314 3496 465 3558 Robertum
492 3509 586 3557 natum
610 3492 683 3557 clare
711 3495 843 3557 memorie
862 3494 956 3556 Karoli
979 3494 1022 3567 11¹,
1046 3506 1113 3555 tunc
1140 3494 1219 3556 titulo

141 3594 242 3656 Secilie
252 3593 325 3675 regis
334 3592 507 3672 fungentem,
530 3592 586 3653 suis
599 3591 772 3671 exigentibus
784 3592 872 3672 culpis
893 3589 1028 3652 universis
1052 3604 1080 3652 et
1104 3589 1220 3672 singulis

139 3688 334 3771 dignitatibus,
356 3688 577 3764 auctoritatibus,
604 3688 786 3763 libertatibus,
812 3685 1032 3763 inmunitatibus,
1057 3687 1219 3768 privilegiis,

138 3787 304 3870 provinciis,
321 3787 481 3858 contractis,
498 3786 666 3863 civitatibus,
679 3785 787 3862 castris,
802 3785 894 3860 terris,
909 3783 992 3860 villis,
1002 3772 1221 3861 feudis,vassal-

138 3885 186 3962 lis,
203 3883 296 3957 bonis,
312 3883 406 3958 rebus,
416 3883 521 3962 iuribus
530 3897 558 3944 et
572 3881 805 3962 juridictionibus,
822 3899 903 3963 quos,
918 3900 987 3961 quas
1003 3895 1031 3944 et
1059 3902 1113 3964 que
1137 3881 1222 3944 habe·

138 3985 193 4046 bat
204 3981 248 4043 vel
260 3981 469 4062 quomodolibet
480 3981 650 4062 possidebat,
666 3980 824 4061 privaverat
837 3991 865 4040 et
879 3998 976 4042 omnes
991 3979 1041 4042 sibi
1057 3979 1185 4042 astrictos
1192 3979 1219 4039 in

138 4093 278 4163 quantum
293 4078 382 4140 eidem
401 4091 563 4141 tenerentur
582 4075 756 4153 absolvebat,
779 4090 807 4137 et
830 4076 986 4157 specialiter
1009 4077 1060 4156 ipsi
1089 4074 1220 4155 dalphino
