2716 4784
134 524 173 586 nii
201 523 236 584 de
254 522 357 598 Petris,
387 522 440 585 sub
465 542 538 585 anno
567 524 621 584 Diri
650 528 850 598 M⁰ll⁶XC⁰ll⁰,
879 523 1024 584 continens
1051 524 1209 604 homagium

133 620 229 701 ligium
245 619 390 700 prestitum
405 639 455 700 per
468 618 635 681 Richardum
655 619 691 680 de
708 617 804 700 Chilye
829 619 909 679 dome
930 613 1077 700 B(eatrici)
1098 618 1209 681 domine

137 715 309 797 Fucigniaci.

492 800 644 856 COMlTlS
666 799 868 856 GEBENNE.'

182 907 266 984 1678.
284 913 361 982 Item,
374 906 460 986 quod.
473 907 510 968 al.
522 907 737 969 instrumentum
754 906 885 987 scriptum
912 925 994 968 manu
1012 907 1087 969 Petri
1101 908 1211 971 Pellerii

134 1004 172 1066 de
188 1003 314 1086 Qririaco
328 1003 426 1064 notarii
441 1003 519 1082 publ.
535 992 587 1064 sub
611 1022 684 1064 anno
701 1002 755 1065 Dii
771 1008 989 1079 M⁰CCC0XV10‚
1010 1003 1106 1066 indict.
1121 1020 1207 1081 xnrr,

135 1101 183 1162 die
196 1113 256 1161 nura
274 1100 375 1161 mensis
385 1099 462 1178 junii,
477 1101 621 1162 continens
636 1100 711 1180 quod
725 1100 865 1163 constituti
880 1101 1061 1180 personaliter
1074 1101 1124 1162 111⁰·
1135 1103 1211 1182 prin-

134 1197 215 1277 cipes
229 1197 305 1257 dom.
321 1197 461 1258 lohannes
475 1197 621 1277 dalphinus
635 1197 840 1259 Viennensise'x
854 1216 909 1260 una
918 1210 996 1279 parte
1006 1210 1034 1259 et
1044 1197 1119 1259 dom.
1133 1198 1211 1259 Guil-

88 1367 89 1371 Ἰ
134 1292 236 1355 lelr'nus
250 1312 343 1354 comes
353 1293 543 1355 Gebennensis
572 1313 606 1355 en
619 1292 715 1371 altera,
743 1294 833 1357 dictus
849 1294 926 1356 dom.
942 1294 1102 1356 Guillelmus
1116 1313 1211 1357 comes
1253 1369 1255 1374 ‚
1314 1273 1317 1277 ²

136 1389 302 1450 Gebennen.
331 1389 391 1451 sine
417 1390 507 1471 aliqua
533 1390 675 1467 violentia,
703 1390 898 1453 considerans.
912 1404 990 1472 grata
1012 1391 1129 1453 servicia
1158 1391 1211 1452 sibi

136 1499 166 1549 et
178 1487 422 1567 predecessoribus
435 1487 492 1549 suis
507 1488 631 1569 impensa
648 1508 664 1549 a
680 1487 805 1568 predicto
826 1487 938 1548 domino
959 1498 987 1549 et
1004 1485 1060 1548 suis
1077 1484 1211 1566 progeni-

135 1571 257 1657 toribtls,
284 1583 361 1657 dedit
387 1584 537 1647 donatione
557 1585 731 1647 irrevocabili
756 1584 828 1647 inter
864 1585 944 1645 vivos
969 1602 1020 1663 pro
1046 1602 1076 1644 se
1101 1582 1129 1643 et
1154 1582 1212 1644 suis

136 1680 264 1761 predicto
280 1680 357 1741 dom.
374 1681 504 1761 dalphino
521 1680 664 1761 recipienti
681 1701 731 1760 pro
741 1700 772 1742 se
783 1695 811 1742 et
825 1680 892 1753 suis,
903 1680 1034 1760 tanquam
1044 1679 1116 1740 bene
1124 1677 1212 1739 meri-

135 1791 179 1852 to,
194 1790 294 1852 castra,
311 1777 515 1853 mandamento,
533 1777 682 1852 territoria,
698 1775 800 1853 feuda,
810 1777 978 1851 retroleuda,
992 1775 1092 1837 allodia
1107 1794 1161 1855 que
1182 1789 1211 1836 et

135 1888 222 1954 prout
232 1873 344 1935 inferius
355 1874 523 1949 continetur,
531 1889 559 1936 et
570 1874 725 1954 specialiter
736 1888 763 1935 et
778 1892 907 1954 expresse
921 1873 1080 1934 comitatum
1094 1871 1212 1932 Geben-

136 1989 265 2046 nensem,
281 1990 344 2032 curn
362 1971 489 2033 omnibus
503 1970 608 2050 juribus
621 1983 648 2032 et
662 1968 838 2051 pertinenciis
852 1968 1073 2049 competentibus
1098 1969 1210 2031 racione

136 2068 285 2132 comitatus
297 2070 425 2149 predicti,
444 2069 566 2148 exceptis
580 2069 697 2150 hiisque
710 2087 761 2149 per
771 2068 860 2149 ipsum
873 2068 909 2129 ab
924 2067 976 2128 alio
991 2067 1103 2128 domino
1116 2061 1212 2129 tenen·

136 2178 196 2240 tur,
218 2177 247 2226 et
259 2165 294 2226 de
307 2165 381 2226 dicto
396 2165 527 2226 comitatu
540 2183 570 2226 se
589 2147 736 2226 devestivit
746 2177 773 2226 et
786 2163 889 2225 dictum
904 2163 980 2224 dom.
997 2163 1155 2245 dalphinum
1171 2162 1213 2225 in·'

136 2263 268 2340 vestivit;
282 2263 381 2345 quibus
396 2263 515 2344 peractis
525 2277 553 2325 et
563 2263 717 2344 completis,
731 2262 871 2345 predictus
885 2262 960 2323 dom.
987 2262 1132 2342 dalphinus
1144 2278 1212 2342 pre-

137 2360 298 2422 dictodom.
317 2361 410 2422 comiti
425 2361 588 2423 Gebennen.
613 2360 735 2441 presenti
752 2375 780 2422 et
808 2360 949 2440 recipienti
975 2361 1098 2440 predicta
1119 2361 1212 2423 omnia

137 2457 256 2518 donavit
269 2457 297 2519 in
311 2457 423 2519 feudum
436 2459 559 2538 antiqum
572 2459 717 2538 ipsumque
728 2476 778 2539 per
794 2456 973 2519 tradicionem
987 2456 1077 2519 baculi
1094 2457 1134 2519 de'
1145 2476 1213 2538 pre-

137 2552 208 2614 dict.
225 2553 359 2616 universis
375 2555 525 2636 etsingulis
539 2555 689 2631 investivit,
711 2568 739 2617 et
766 2553 818 2616 sibi
831 2553 945 2615 donavit
968 2553 1055 2615 eciam
1082 2573 1134 2634 pro
1151 2546 1216 2616 ¹suis

103 2668 105 2672 “
138 2650 272 2712 oneribus
287 2653 463 2733 suportandis
482 2655 556 2715 llVm
570 2653 663 2714 librar.
679 2670 828 2733 parvorum
844 2658 999 2726 Turonen,
1016 2670 1084 2732 quas
1098 2652 1215 2714 confes-l

138 2766 189 2809 sus
201 2748 251 2810 fuit
265 2749 354 2811 dictus
377 2749 453 2811 dom.
472 2767 565 2811 comes
579 2750 686 2811 Geben.
706 2768 737 2811 se
761 2749 889 2811 habuisse
903 2762 931 2810 et
947 2748 1087 2836 recepisse
1095 2738 1116 2810 a
1137 2749 1217 2811 dicto

138 2845 218 2906 dom.
231 2846 360 2928 dalphino
374 2847 403 2908 in
414 2848 549 2927 peccunia
559 2847 633 2909 dicto
643 2847 672 2909 d.
682 2847 777 2910 comiti
787 2847 896 2910 realiter
908 2861 1068 2910 numerata:
1086 2848 1140 2910 hoc
1150 2850 1217 2910 acto*

138 2935 278 3022 expresse
286 2943 357 3006 inter
371 2945 489 3025 predict.
509 2945 580 3006 ditos
595 2945 724 3008 comitem
734 2945 842 3007 Geben.
854 2958 882 3007 et
889 2944 1048 3026 dalphinum
1064 2944 1138 3025 quod
1150 2944 1216 3030 epui-v

139 3058 260 3120 cumque
273 3041 354 3102 fuerit
371 3059 515 3103 successor
530 3054 558 3103 et
582 3040 663 3103 heres
685 3041 750 3104 dicti
773 3041 881 3103 comitis
896 3041 1073 3118 Gebennen.,
1089 3040 1135 3129 ille
1147 3059 1217 3102 suc»

140 3155 237 3198 cessor
252 3152 279 3199 et
295 3139 375 3201 heres
390 3138 551 3200 universalis
567 3138 724 3220 te(ne)atur
750 3139 866 3229 eandem
887 3138 1108 3219 recognicionem
1107 3121 1218 3200 facere¹

136 3234 220 3297 ,dicto
240 3236 316 3298 dom.
332 3237 463 3317 dalphino
476 3237 522 3298 vel
544 3255 595 3298 suo
618 3238 773 3300 successori
797 3236 935 3298 etheredi
961 3237 1134 3298 universali
1130 3238 1216 3344 quam

139 3333 228 3396 facit
222 3353 248 3394 tn
262 3333 316 3395 hoc
327 3353 402 3414 pres.
417 3332 606 3395 instrl⁰dictus
619 3334 696 3394 dom.
715 3352 808 3395 comes
830 3352 912 3412 supra
928 3332 973 3394 vel
996 3333 1076 3407 infra,
1093 3351 1144 3412 pro
1156 3331 1216 3412 qui

140 3432 196 3494 bus
206 3431 335 3493 drctusd
350 3450 443 3494 comes
451 3431 594 3492 coufessus
602 3431 652 3493 furt
662 3430 698 3491 ab
714 3444 826 3511 antiquo
836 3449 866 3490 se
887 3449 949 3491 esse
962 3428 1100 3490 hominem
1122 3428 1219 3509 ligium

141 3527 210 3589 dicti
225 3527 253 3588 d.
269 3527 389 3607 dalphini
404 3540 432 3589 et
445 3546 519 3589 nunc
543 3527 579 3589 de
592 3513 667 3588 novo
680 3524 732 3611 sibi
746 3527 810 3589 fecit
824 3526 992 3607 homagium,
1008 3525 1217 3588 interveniendo

141 3625 240 3686 osculo
254 3643 330 3704 pacts
340 3637 369 3686 et
388 3623 546 3686 fidelitatis
539 3638 705 3703 juramento,
716 3624 794 3685 salvo
805 3636 898 3685 tamen
915 3621 989 3703 quod
1012 3641 1035 3683 sr
1028 3621 1120 3682 idern
1138 3621 1220 3685 dom.¹

142 3741 240 3785 comes
254 3722 361 3783 Geben.
378 3720 525 3783 tenebatur
536 3720 582 3783 ad
578 3720 743 3800 homagium
755 3720 849 3800 ligium
868 3720 945 3780 dom⁰
958 3718 1090 3798 episcopo
1103 3717 1219 3780 Geben-

142 3817 223 3880 nensi
249 3818 325 3899 prius
348 3837 430 3898 quam
448 3817 526 3878 dom⁰
548 3817 680 3897 dalphino
692 3816 844 3897 proaliquo
857 3815 952 3890 leudo,
967 3814 989 3876 si
1006 3813 1081 3894 quod
1095 3826 1171 3876 tenet
1182 3804 1220 3875 ab

142 3915 244 3978 eodem
258 3915 287 3977 d.
302 3913 443 3995 dalphino,
459 3914 546 3994 possit
559 3902 648 3975 eidem
662 3913 691 3974 d.
706 3913 839 3993 episcopo
847 3913 882 3974 de
895 3913 955 3992 ipso
967 3911 1051 3973 teudo
1065 3906 1217 3987 deservire,
1273 3995 1275 3999 Ι

143 4013 220 4074 dicto
234 4013 263 4073 d.
282 4012 383 4074 comite
400 4029 509 4091 semper
521 4023 680 4072 remanente
698 4008 726 4070 in
742 4010 870 4089 homagio
893 4009 958 4088 ligio
972 4007 1037 4070 dicti
1052 4007 1081 4068 d.
1098 4008 1219 4089 dalphini

144 4123 174 4171 et
187 4109 320 4171 heredum
333 4107 435 4188 ipsius,
453 4106 579 4188 promisit
588 4107 669 4169 etiarn
681 4105 754 4168 idem
768 4105 797 4166 d.
813 4105 906 4168 comes
919 4104 1074 4183 iuramento
1087 4123 1119 4166 se
1129 4104 1221 4166 iactu-
