2716 4784
67 545 154 607 ditate
166 546 270 608 domini
292 544 327 607 de
341 545 451 608 Tollino
463 544 594 620 condam,
610 544 716 606 factam
727 543 841 607 domino
854 555 951 606 nostro
964 544 1095 625 delphino
1110 543 1145 605 ad

66 654 189 703 castrum
203 641 239 703 de
254 641 361 718 servia,
378 640 452 722 quod
467 653 588 703 castrum
605 640 640 703 de
656 640 752 702 servia
764 652 842 703 tenet
858 640 894 702 de
910 639 994 702 feudo
1019 636 1147 701 reddibili

67 757 83 798 a
97 737 177 798 dom⁰
190 751 287 798 nostro
298 736 429 819 dalphino
442 751 472 799 ut
487 737 516 798 in
531 736 606 799 dicto
616 736 800 799 instrumento
814 736 982 798 continetur.

108 835 178 915 298.
206 841 287 910 Item,
315 834 402 916 quod.
432 834 552 896 vidimus
575 847 732 896 emanatum
759 834 795 896 ab
818 832 928 895 officiali
954 830 1145 913 lugdunensi,

68 932 201 1012 scriptum
216 931 268 993 sub
283 949 357 992 anno
374 931 428 992 Diri
446 937 673 1008 M⁰CC⁰XC⁰lll⁰,
689 949 785 993 mense
796 929 864 1009 julii,
876 929 904 995 iu
918 948 974 1011 quo
989 928 1148 991 continetur

68 1028 143 1110 quod
157 1029 234 1091 dom.
254 1028 344 1109 Guigo
361 1028 508 1110 delphinus
523 1028 662 1110 quondam
682 1027 803 1091 debebat
815 1027 925 1089 Andree
939 1026 980 1115 de
1000 1024 1107 1088 Albone
1120 1037 1148 1088 et

68 1126 127 1205 ejus
141 1126 225 1188 sociis
250 1129 298 1188 llm
316 1139 344 1188 et
357 1133 394 1187 llc
409 1125 493 1188 libras
506 1145 540 1188 ex
555 1145 639 1189 eausa
655 1126 754 1188 mutui.

27 1262 30 1267 «
110 1240 179 1303 ²99·
197 1230 275 1299 Item,
293 1236 350 1285 tres
365 1223 460 1285 littere
485 1222 589 1302 scripte
605 1221 633 1282 in
656 1222 776 1303 quadam
791 1222 862 1303 pelle
893 1221 1070 1303 pergaminea
1098 1239 1148 1301 per

69 1318 208 1393 ordinem,
218 1318 305 1401 prima
320 1319 372 1381 sub
382 1337 455 1381 anno
465 1319 519 1380 uni
531 1321 770 1394 M⁰1110xxxlx⁰‚
780 1318 902 1380 diesne
912 1317 1014 1380 inensis
1025 1315 1147 1396 augusti,

68 1416 193 1478 secunda
209 1416 261 1478 sub
278 1414 377 1478 eodem
396 1429 512 1477 annuet
528 1414 584 1491 die,
601 1428 627 1476 et
640 1414 727 1477 tercia
742 1415 794 1478 sub
807 1415 871 1477 eod.
890 1434 936 1476 an.
955 1428 984 1476 et
999 1414 1055 1490 die,
1071 1411 1150 1493 sigil-

69 1513 123 1574 late
146 1511 237 1593 sigillo
262 1512 337 1574 dom¹
361 1512 485 1575 Durandi
514 1511 700 1593 Apothecarii,
728 1511 826 1590 judicis
847 1510 965 1573 civitatis
993 1510 1098 1572 vienne
1121 1521 1150 1570 et

70 1607 210 1671 Viennesii
230 1626 282 1687 pro
304 1608 382 1669 dom⁰
403 1608 545 1688 delphino,
564 1607 737 1669 continentes
752 1607 807 1669 due
825 1606 913 1687 prime
926 1606 1022 1668 lictere
1037 1605 1151 1667 extima-

68 1705 173 1768 tionem
198 1704 356 1766 reddituum
384 1717 413 1766 et
434 1723 568 1767 censuum
584 1704 667 1791 castri
688 1703 723 1765 de
740 1703 850 1779 Pineto,
876 1715 904 1765 et
917 1702 1013 1764 ultima
1027 1701 1150 1763 continet

69 1801 295 1883 recogniciqnem
317 1802 508 1883 homagiorum
523 1800 706 1884 quorumdam
735 1801 875 1863 hominum
900 1799 965 1862 dicti
978 1798 1032 1861 luci
1046 1799 1149 1861 laetam

69 1900 149 1960 dom⁰
164 1898 308 1978 delphino.

114 2013 182 2074 300.
202 2001 281 2070 ltem,
297 1994 382 2076 qued.
410 1993 504 2056 lietera
526 1993 705 2076 pergamineae
724 1992 841 2074 sigillata
863 1994 891 2055 in
907 1993 1039 2075 pendenti
1061 1993 1152 2075 sigillo
1192 2077 1193 2080 Ἴ

70 2091 210 2153 Guillelmi
227 2091 263 2152 de
278 2089 523 2167 Cassenatieo,filii
533 2090 674 2171 quondam
685 2090 757 2151 domi
768 2090 903 2171 Guigonis
913 2089 949 2152 de
959 2091 1148 2167 Cassenatico‚

69 2187 220 2250 continens
235 2187 309 2268 quod
320 2187 411 2249 dictus
426 2187 587 2250 Guillelmus
601 2187 677 2250 dedit
692 2188 770 2249 dom⁰
783 2187 902 2269 Guigoni
917 2187 1049 2270 dalphino
1068 2187 1153 2269 quid-

70 2285 137 2366 quid
154 2284 276 2346 habebat
288 2285 315 2345 in
330 2284 526 2346 mandamento
541 2298 569 2346 et
583 2299 675 2347 castro
686 2286 720 2348 de
737 2292 852 2348 Rovone
871 2300 898 2349 et
913 2286 1047 2369 quidquid
1063 2286 1152 2348 habe-

70 2380 120 2442 bat
128 2380 159 2442 in
173 2381 370 2443 mandamento
385 2395 413 2443 et
425 2396 518 2444 castro
528 2382 564 2444 de
580 2384 756 2460 Rancurello,
766 2385 889 2465 exceptis
902 2377 956 2446 biis
969 2403 1024 2465 que
1038 2383 1153 2446 tenebat

68 2498 84 2539 a
98 2478 181 2538 d0m⁰
197 2478 328 2540 ‘Berlione
338 2479 373 2541 de
389 2486 478 2541 Turre
492 2480 520 2541 in
535 2481 736 2544 mandamentis
753 2481 789 2562 de
812 2481 908 2547 Armes
926 2494 955 2542 et
983 2479 1019 2541 de
1036 2486 1152 2540 Rovone

68 2588 97 2637 et
111 2575 280 2656 quibusdam
295 2577 426 2639 censibus
447 2577 596 2641 nominatis
609 2578 638 2639 in
658 2578 718 2659 ipsa
738 2579 845 2654 lietera,
862 2597 916 2659 que
930 2578 1024 2640 lietera
1050 2576 1152 2658 scripta

67 2663 187 2734 iuitvu⁰
198 2672 261 2735 idus
271 2673 338 2753 junii
354 2693 428 2736 anno
446 2674 499 2735 uni
516 2677 679 2736 M0110L110.

114 2788 183 2848 30¹·
198 2777 277 2847 ltem,
290 2771 375 2852 qued.
390 2772 480 2834 littere
490 2772 607 2854 sigillare
621 2773 648 2833 in
664 2773 795 2852 pendenti
802 2786 921 2855 quatuor
931 2774 1036 2855 sigillis,
1050 2773 1153 2855 scripte

68 2868 115 2930 die
129 2867 203 2947 jovis
219 2880 283 2949 post
309 2869 504 2931 lnvencionem
532 2876 632 2932 Sancte
657 2870 765 2947 Crucis,
792 2872 937 2934 annolini
967 2874 1150 2947 Mlllcbxll‘l,

67 2965 248 3028 continentes
269 2965 418 3046 quamdam
439 2966 669 3047 compositionem
692 2968 756 3030 olim
771 2968 871 3030 laetam
888 2969 960 3032 inter
972 2970 1049 3033 dom.
1068 2969 1154 3050 B(ea·

68 3061 184 3141 tricem)
198 3061 366 3124 comitissam
383 3062 568 3124 Viennensem
581 3083 616 3124 ex
630 3082 684 3126 una
700 3078 779 3144 parte
793 3078 820 3127 et
835 3066 1009 3128 Guillelmum
1030 3066 1065 3127 de
1084 3072 1153 3128 Ros·

67 3158 171 3220 silione
180 3176 214 3219 ex
224 3157 323 3235 altera,
331 3177 415 3239 super
424 3159 792 3223 redditioneetrestitutione
800 3162 881 3224 castri
891 3163 996 3243 Ruppis
1004 3162 1040 3224 de
1048 3163 1146 3245 Cluey.

115 3271 183 3332 302.
199 3261 278 3330 ltem,
295 3255 381 3335 quod.
393 3255 606 3317 instrumentum
629 3257 731 3319 lactum
750 3278 833 3319 manu
852 3258 958 3320 Albetti
986 3257 1022 3320 de
1042 3257 1152 3340 Brayda

67 3350 184 3424 notarii,
199 3350 250 3413 sub
268 3370 341 3413 anno
359 3352 412 3414 Diui
426 3359 535 3414 lncam.
557 3360 719 3431 M⁰CCC⁰l⁰,
736 3355 781 3417 die
804 3368 862 3416 uxia
892 3357 994 3417 mensis
1011 3353 1146 3430 octobris,

66 3448 219 3511 continens
231 3448 454 3530 recognicionem
480 3449 581 3513 iactam
597 3451 674 3513 dom⁰
698 3452 852 3514 Humberto
871 3445 1002 3533 dalphino
1032 3451 1150 3512 condam

67 3565 121 3627 per
135 3544 214 3606 dom.
229 3544 378 3607 Henricum
395 3546 430 3608 de
446 3552 545 3622 Turre,
561 3547 596 3608 de
610 3561 705 3625 castro
726 3562 754 3610 et
768 3548 963 3624 mandamento
989 3547 1103 3629 Vinayci
1124 3561 1152 3610 et

68 3646 105 3708 de
118 3643 173 3705 hiis
186 3663 240 3725 que
254 3643 339 3706 habet
353 3642 427 3706 idem
444 3644 521 3707 dum.
538 3644 675 3710 Henricus
693 3644 720 3706 in
737 3645 868 3728 bayllivia
891 3659 965 3707 terre
980 3645 1087 3706 Turris.

114 3760 181 3821 303·
200 3741 376 3821 ltem,qued.
392 3742 482 3803 littera
496 3741 585 3823 sigillo
610 3741 756 3804 Raimundi
783 3742 944 3823 Berengarii
969 3742 996 3802 in
1017 3742 1150 3822 pendentl

66 3839 203 3921 sigillata,
222 3839 367 3901 continens
381 3839 456 3920 quod
473 3839 546 3900 idem
563 3838 732 3900 Raimundus
746 3839 889 3903 confessus
903 3838 954 3901 luit
975 3859 1006 3902 se
1020 3839 1150 3902 babuisse

68 3957 86 3999 a
99 3938 182 3999 dum⁰
195 3936 327 4017 dalphino
338 3949 464 4018 quartam
475 3949 582 4017 partem
593 3935 628 3997 de
642 3942 731 3997 Ponte
744 3933 764 3997 ¹⁵.

111 4157 134 4194 ι.
150 4139 190 4194 En
205 4156 237 4194 m.
254 4139 327 4194 ADe
340 4139 373 4195 P.
390 4138 413 4194 in
428 4105 549 4212 Ropanis.
