2716 4784
596 444 635 457 .-
659 427 714 492 149
733 447 773 459 .-

187 541 205 602 8
211 559 221 620 5
231 558 256 621 ς.
276 546 355 618 Item,
370 541 455 621 quod.
471 541 507 604 al.
522 541 732 604 instrumentum
746 542 788 624 (ut
802 544 885 624 713),
903 544 1047 606 continens
1062 544 1220 625 homagium

145 638 182 700 de
200 657 320 720 persona
336 639 480 719 prestitum
494 639 575 701 domo
588 651 686 701 nostro
702 639 833 721 dalphino
850 660 901 720 per
923 640 1109 720 Guigonetum
1131 646 1221 702 Noers

144 736 180 798 de
196 736 320 798 avalone
335 750 363 799 et
371 737 556 800 terminum...

185 833 254 913 856.
279 839 358 909 Item,
385 835 471 915 quod.
499 834 535 896 al.
563 835 775 897 instrumentum
801 833 879 915 publ.
904 853 986 896 manu
1016 842 1090 916 Hug.
1108 833 1220 897 Pinardi

141 931 244 1016 notarii
259 932 335 1012 publ.
352 934 403 994 sub
420 953 493 994 anno
512 933 566 994 Diri
585 939 722 1009 M⁰CCC0,
737 933 833 995 indict.
850 933 1110 1008 x111³,x11⁰kalend.
1123 934 1218 1012 madii,

142 1030 289 1092 continens
303 1031 378 1112 quod
395 1030 473 1092 doma
492 1030 657 1111 Eysilabella
674 1030 825 1113 Raynauda
837 1031 872 1092 de
888 1030 1044 1092 Bucurione
1059 1031 1136 1093 dedit
1154 1031 1221 1112 (do-

141 1126 270 1208 natione)
284 1147 353 1207 pura
379 1147 433 1208 que
459 1127 559 1189 dicitur
581 1128 653 1189 inter
678 1127 769 1202 vivos,
797 1126 881 1189 videl.
901 1128 1008 1189 Thome
1039 1127 1074 1189 de
1100 1128 1219 1190 Peladru

142 1223 239 1304 nepoti
265 1244 326 1299 suo,
354 1244 451 1287 omnes
467 1245 523 1303 res,
537 1225 739 1306 possessiones,
757 1225 827 1305 jura,
847 1244 958 1301 census,
975 1225 1091 1288 servicia
1116 1239 1144 1287 et
1167 1225 1221 1288 alia

142 1323 240 1402 usagia
257 1342 430 1404 quecumque
453 1322 508 1385 sint
522 1336 549 1384 et
565 1314 740 1404 quocumque
755 1322 866 1383 nomine
883 1336 1061 1399 senceantur,
1078 1343 1132 1403 que
1147 1342 1219 1385 con·

142 1419 207 1481 dam
228 1420 340 1482 fuerunt
364 1420 439 1483 Petri
462 1420 608 1503 Reynoudi
632 1419 721 1481 mariti
751 1419 793 1481 sui
810 1420 939 1495 condam,
958 1419 1043 1481 videl.
1059 1420 1087 1481 in
1103 1421 1221 1483 manda·

141 1516 242 1602 mentis
258 1508 420 1580 Bucurionis
436 1532 464 1580 et
479 1518 580 1579 Montis
594 1516 713 1592 Bonodi,
730 1529 838 1578 retento
858 1516 909 1578 sibi
930 1517 1125 1579 tantummodo
1140 1536 1219 1578 usum

141 1615 262 1676 fructum
282 1615 309 1676 in
327 1615 393 1677 dict.
410 1615 494 1677 rebus
510 1615 544 1676 ad
559 1614 643 1677 vitam
658 1633 746 1688 suam,
763 1626 846 1693 prout
856 1614 908 1674 hec
920 1613 963 1693 (ut
978 1615 1061 1696 852).

182 1712 251 1792 857.
271 1719 350 1789 Item,
366 1714 452 1795 quod.
471 1713 589 1774 vidimus
602 1712 734 1792 scriptum
749 1710 801 1773 sub
813 1730 887 1772 anno
906 1711 959 1771 Diri
974 1716 1216 1786 M⁰CC⁰XC0V11⁰,

139 1814 213 1867 x1111⁰
239 1806 352 1868 kalend.
379 1807 545 1885 decembris,
564 1808 709 1870 continens
725 1807 838 1888 quamd.
860 1806 1103 1869 confirmacionem
1118 1807 1218 1869 factam

140 1923 192 1984 per
209 1903 286 1964 dom.
320 1903 532 1987 H(umbertum)
557 1905 716 1985 dalphinum
743 1905 927 1966 Viennensem
943 1918 971 1965 et
991 1904 1067 1965 dom.
1082 1903 1218 1986 A(nnam)

139 2000 199 2077 ejus
212 2015 369 2062 consortem
384 2013 411 2063 et
426 2021 475 2081 per
489 2001 566 2062 dom.
582 2002 735 2063 iohannem
750 2002 839 2082 primo
854 2002 975 2082 genitum
990 2001 1070 2062 dome
1088 2001 1218 2082 dalphine

139 2097 263 2178 antique,
284 2097 368 2159 videl.
386 2097 421 2159 de
440 2111 533 2159 castro
549 2098 680 2160 Terracie
708 2112 735 2160 et
756 2099 816 2177 ejus
838 2098 1035 2159 mandamento
1056 2112 1150 2179 empto
1168 2117 1219 2180 per

139 2195 267 2256 eamdem
286 2208 314 2256 et
327 2196 362 2257 de
376 2195 504 2258 omnibus
529 2215 702 2277 quecumque
723 2196 820 2258 emerit
845 2216 894 2257 seu
916 2195 1057 2276 aquisierit
1084 2195 1219 2257 indicto

139 2292 336 2354 mandamento
349 2292 472 2354 Terratie
487 2292 551 2354 etin
566 2293 761 2370 mandamento
774 2292 876 2354 Montis
892 2292 1000 2354 Bonodi
1010 2306 1038 2354 et
1046 2292 1122 2368 alibi,
1137 2306 1221 2374 prout

139 2387 192 2450 hec
208 2389 251 2469 (ut
266 2389 348 2470 852).

179 2487 248 2567 858.
278 2494 358 2563 ltem,
374 2486 458 2568 qued.
475 2486 569 2548 lietera
583 2487 669 2568 quod.
691 2487 780 2567 sigillo
795 2486 956 2567 inpendenti
970 2485 1098 2566 sigillata,
1116 2485 1219 2566 scripta

135 2583 192 2646 ¹sub
206 2603 280 2645 anno
301 2583 353 2644 Diri
376 2590 662 2660 M⁰CC⁰LXXX01X⁰,
694 2584 738 2645 die
752 2583 817 2645 lune
844 2597 907 2665 post
923 2585 1023 2645 festum
1041 2582 1068 2643 b¹
1086 2583 1219 2668 iohannis

139 2682 276 2764 Baptista,
291 2683 436 2744 continens
459 2683 702 2746 confirmacionem
718 2683 819 2744 factam
837 2702 887 2764 per
901 2683 977 2743 dom.
989 2688 1097 2743 Annam
1108 2681 1220 2764 dalphi-

137 2799 202 2840 nam
222 2778 404 2841 Viennensem
422 2780 457 2842 ill¹
472 2781 549 2841 dom⁰
568 2779 716 2862 B(eatrici)
734 2779 863 2861 dalphine
883 2779 1032 2841 Viennensi
1055 2792 1083 2842 et
1107 2780 1219 2843 domine

139 2875 312 2956 Fucigniaci,
337 2876 372 2939 de
384 2891 476 2939 castro
496 2877 598 2940 Montis
612 2877 720 2940 Bonodi
739 2892 768 2940 et
791 2878 851 2958 ejus
865 2876 1061 2939 mandamento
1079 2877 1220 2959 domoque

141 2976 251 3038 bastida
264 2975 315 3038 sita
330 2996 414 3058 super
427 2977 531 3039 dictum
544 2990 676 3039 castrum.

132 3136 143 3166 ,
182 3075 251 3155 859.
270 3081 349 3150 Item,
359 3075 444 3155 quod.
456 3075 492 3137 al.
506 3075 717 3137 instrumentum
731 3074 864 3154 scriptum
878 3072 930 3136 sub
946 3091 1019 3135 anno
1040 3073 1094 3135 Dr'ri
1118 3080 1219 3137 M⁰CC⁰

143 3177 300 3246 XXX⁰V1⁰,
328 3171 491 3248 indicnxa,
522 3171 601 3233 dom0
631 3171 780 3233 Frederico
802 3171 968 3252 imperatore
986 3184 1134 3251 regnante,
1165 3189 1220 3231 xno

141 3266 256 3328 kalend.
273 3267 400 3345 januarii,
415 3267 560 3329 continens
573 3268 659 3349 quod.
678 3255 839 3330 Hunbe'rtus
862 3266 987 3328 Chalvini
1001 3266 1127 3328 vendidit
1142 3266 1220 3327 dom⁰

140 3361 262 3424 Berlioni
279 3363 314 3424 de
329 3369 503 3426 castronovo
519 3384 601 3426 omne
614 3365 657 3444 jus
674 3365 749 3447 quod
764 3364 884 3426 habebat
904 3364 932 3424 in
953 3382 1052 3443 campo
1077 3361 1130 3423 sito
1155 3374 1219 3424 ante

137 3461 282 3541 grangiam
298 3460 375 3523 Petri
390 3461 526 3544 Raynoldi
543 3475 571 3526 et
590 3461 618 3523 in
633 3462 720 3543 quod.
736 3474 896 3547 tenemento
910 3460 986 3542 quod
1002 3471 1120 3520 vocatur
1137 3471 1220 3521 tene-

128 3556 260 3618 mentum
280 3563 385 3634 Cornu,
412 3559 506 3639 precio
522 3572 550 3621 et
573 3574 696 3620 mercato
710 3578 728 3620 x
743 3572 771 3620 et
787 3577 837 3619 vui
854 3552 949 3619 librar.
980 3556 1136 3634 Viennen.;
1152 3555 1218 3619 item

134 3655 262 3717 vendidit
277 3668 306 3717 et
319 3656 457 3718 concessit
471 3657 547 3719 dom.
573 3655 833 3718 Hunbertuseidem
848 3655 925 3717 dom.
943 3653 1063 3715 Berlioni
1078 3673 1160 3715 omne
1172 3654 1216 3735 jus

136 3753 212 3836 quod
229 3753 351 3816 habebat
372 3754 401 3816 in
414 3768 574 3817 tenemento
589 3755 624 3817 de
637 3755 676 3816 les
689 3753 861 3837 Algrimenes
885 3768 913 3816 et
926 3754 953 3816 in
968 3767 1128 3816 tenemento
1145 3762 1219 3818 Lan·
1250 3792 1253 3796 ⁴

136 3851 213 3914 telmi
230 3851 336 3926 Grassi,
347 3851 376 3913 in
391 3872 419 3914 rx
431 3852 511 3914 solid.
522 3852 567 3933 qui
581 3852 798 3932 debenturapud
811 3851 979 3934 Rovoyriam
991 3865 1019 3913 et
1028 3852 1102 3933 apud
1112 3861 1218 3935 Aquam

138 3959 247 4028 Latam,
263 3953 356 4033 precio
367 3972 406 4014 vn
427 3953 522 4015 librar.
539 3967 567 4015 et
582 3973 600 4015 x
614 3953 695 4016 solid.
711 3953 870 4031 Viennen.;
897 3952 963 4015 item
988 3953 1114 4015 vendidit
1136 3972 1219 4016 omne

136 4048 179 4125 jus
190 4048 265 4129 quod
276 4048 397 4113 habebat
405 4049 432 4112 in
443 4050 528 4132 quad.
540 4050 621 4113 vinea
634 4071 716 4132 quam
726 4051 791 4113 facit
801 4050 836 4112 ad
847 4050 978 4113 meeriam
989 4050 1081 4132 Guigo
1096 4051 1216 4128 Cichais,

138 4145 233 4226 precio
248 4164 284 4207 xu
296 4159 356 4209 etv
374 4146 455 4210 solid.
469 4147 620 4224 viennen,
632 4161 752 4230 prout...
