2716 4784
532 390 690 451 -61-

67 523 99 583 de
116 523 228 604 Brayda
242 522 354 598 notarii,
370 522 422 583 sub
432 542 505 600 anno
521 523 609 584 Dr‘tice
621 530 729 584 Incarn.
745 529 965 600 nlulcxetltttt,
980 526 1025 586 die
1036 526 1144 587 sabbati

65 633 128 700 post
140 619 241 681 festum
259 619 333 681 beati
352 620 505 696 Michaelis,
520 621 666 682 continens
681 620 899 700 recognitionem
930 634 958 682 et
985 621 1145 684 fidelitatem

64 717 165 778 iactam
180 735 231 796 per
245 717 322 777 dom.
340 717 568 798 Heu(s)tachium
583 716 618 778 de
635 716 790 792 Osteduno,
804 717 968 778 canonicum
986 725 1148 780 Romanen-

65 833 136 888 sem,
154 814 233 874 dom⁰
243 813 374 893 dalphino
386 815 421 875 de
439 814 566 875 omnibus
581 814 633 875 hiis
644 834 698 894 que
715 826 792 874 tenet
805 827 834 875 et
846 815 971 894 possidet
987 816 1015 877 in
1028 816 1147 877 manda-

65 924 161 972 mento
176 924 205 972 et
218 911 343 973 districtu
356 911 425 972 Belli
440 911 575 992 Regardi,
589 911 727 972 valentin.
747 910 886 991 dyocesis.

110 1026 177 1084 3¹2·
195 1015 274 1083 Item,
290 1008 377 1087 quod.
389 1009 601 1070 instrumentum
618 1007 751 1087 scriptum
768 1026 850 1068 manu
869 1006 1005 1068 Guillelmi
1036 1015 1147 1068 Ilerca-

64 1104 135 1166 toris
156 1104 261 1180 clerici,
282 1105 335 1166 sub
353 1125 427 1166 anno
448 1105 502 1166 Diti
521 1113 563 1166 Μο
576 1107 616 1165 IIc
629 1114 756 1184 sertuag⁰
772 1111 861 1179 VIII0,
879 1103 960 1165 indit.
985 1117 1093 1184 quarta,
1117 1116 1147 1164 κ’

65 1202 180 1264 kalend.
196 1202 264 1281 julii,
280 1202 426 1265 continens
444 1204 614 1264 solucionem
629 1203 772 1281 cujusdam
787 1202 873 1263 debiti
890 1202 990 1264 factam
1002 1221 1053 1284 per
1067 1203 1144 1264 dom.

10 1316 14 1321 ·
66 1299 232 1360 Gamerium
246 1299 431 1376 sacerdotem,
450 1300 561 1361 nomine
584 1299 664 1359 dome
678 1299 811 1360 Beatricis
826 1299 961 1360 Viennen.
987 1313 1016 1361 et
1033 1299 1147 1361 Albouis

66 1397 219 1472 comitisse,
241 1397 406 1477 quibusdam
425 1398 552 1478 personis
579 1397 727 1458 nominatis
746 1398 773 1457 in
800 1397 861 1477 ipso
886 1397 1068 1459 instrumento
1095 1417 1147 1478 pro

65 1495 157 1556 tribus
182 1495 319 1557 casalibus
341 1497 400 1558 sitis
424 1496 498 1577 apud
522 1495 702 1578 Moyrencum'
732 1496 759 1556 in
782 1496 845 1556 loco
871 1495 917 1575 qui
934 1496 1033 1557 dicitur
1055 1502 1148 1581 Poys-

68 1610 185 1653 sorrum.
222 1662 228 1671 ὁ
272 1610 275 1615 ·
346 1673 348 1681 ,
854 1609 859 1618 ·

38 1755 41 1760 ,
112 1709 179 1768 313.
199 1698 278 1767 Item,
295 1692 381 1772 quod.
397 1692 608 1754 instrumentum
623 1693 755 1772 scriptum
774 1711 856 1752 manu
881 1691 981 1752 Ilumb¹
1006 1690 1085 1752 Pilati
1112 1692 1147 1754 de

67 1785 104 1846 de
132 1787 252 1848 Buxeria
277 1801 349 1863 not.,
379 1789 430 1849 sub
458 1809 531 1850 anno
551 1789 604 1849 Diti
630 1794 881 1862 hI⁰III⁰XXXIIII⁰,
910 1787 954 1848 die
968 1800 1027 1848 xura
1045 1789 1148 1849 mensis

67 1883 196 1959 januarii,
213 1884 359 1945 continens
374 1885 597 1965 recognicionem
614 1886 714 1946 iactam
730 1904 780 1965 per
808 1884 964 1964 Guigonem
978 1884 1014 1945 de
1032 1885 1145 1966 Hylino‚

67 1980 115 2060 qui
132 1980 275 2042 confessus
292 1981 342 2043 luit
355 2001 385 2043 se
399 1996 494 2044 tenere
521 1984 550 2044 in
570 1983 683 2044 feudum
705 1996 732 2044 et
758 1983 793 2044 de
816 1982 900 2043 feudo
926 1983 1000 2043 dom¹
1025 1983 1147 2064 dalphini

68 2079 245 2152 Viennensis,
262 2092 392 2160 tanquam
413 2081 521 2142 comitis
544 2081 662 2143 civitatis
679 2080 795 2156 Vienne,
816 2080 992 2140 medietatem
1010 2081 1093 2141 castri
1112 2081 1147 2142 de

69 2175 174 2257 Hylino
189 2189 217 2236 et
236 2176 328 2237 omnia
343 2196 396 2256 que
409 2177 480 2238 infra
494 2177 561 2258 dict.
580 2192 699 2239 castrum
717 2191 744 2239 et
757 2177 859 2239 fossata
874 2191 977 2239 suntet
992 2178 1147 2240 clausuram

67 2269 135 2331 dicti
161 2272 244 2332 castri
268 2273 303 2333 ad
331 2274 501 2354 homagium,
524 2275 598 2355 quod
625 2275 783 2355 homagium
807 2274 872 2336 fecit
901 2275 980 2339 dom⁰
1003 2275 1145 2355 dalphino,

68 2380 188 2447 excepto
203 2368 331 2449 homagio
345 2370 450 2431 domini
465 2370 533 2432 Belli
544 2371 614 2432 Ioci.

111 2485 180 2544 314.
205 2473 272 2527 Item
294 2482 403 2548 reperte
429 2482 494 2530 sunt
509 2469 564 2530 due
579 2488 665 2549 parve
681 2469 782 2542 littere,
805 2488 860 2529 una
887 2468 960 2532 iacta
987 2487 1060 2529 anno
1093 2467 1147 2528 Diti

70 2570 293 2625 II⁰II⁰LXXVII⁰
304 2578 332 2626 et
341 2565 423 2646 (alia)
437 2565 536 2627 eodem
559 2585 643 2641 anno,
667 2566 841 2626 continentes
856 2564 957 2626 iactam
973 2565 1058 2626 hrisse
1073 2564 1148 2624 solu·

69 2660 181 2720 cionem
192 2661 311 2722 castello
323 2663 485 2723 Mercatoris
497 2663 669 2737 Florentino,
678 2662 713 2722 de
724 2664 771 2723 V¹¹¹
781 2660 863 2722 solid.
876 2675 904 2723 et
912 2661 947 2722 ab
959 2661 1011 2722 alia
1022 2675 1099 2740 parte
1112 2661 1147 2722 de

69 2770 117 2817 ω
129 2757 208 2818 libris
223 2757 357 2819 bonorum
367 2759 503 2820 viennen.
515 2778 565 2839 per
577 2759 702 2820 odonem
717 2758 831 2819 Berardi
842 2758 1019 2819 castellanum
1035 2759 1148 2820 Brianc-

68 2855 177 2920 zonesii
190 2876 241 2936 pro
260 2856 354 2918 debito
370 2859 446 2917 IIIIm
459 2857 554 2918 librar.
570 2855 711 2935 inquibus
728 2855 804 2916 dom.
823 2856 963 2918 Iohannes
978 2855 1105 2936 Dalphini
1120 2871 1148 2919 et

68 2954 129 3030 ejus
139 2967 222 3034 pater
233 2953 408 3015 tenebantur.

115 3069 145 3124 31
158 3068 183 3129 5.
199 3057 277 3126 Item,
290 3051 404 3131 quamd.
421 3049 538 3112 litteram
551 3049 738 3112 continentem
754 3050 828 3130 quod
845 3050 970 3112 Frelinus
980 3049 1015 3112 de
1033 3049 1147 3112 Saluciis

67 3161 96 3210 et
111 3147 264 3226 Margarita
277 3147 337 3225 ejus
356 3166 427 3208 uxor
438 3146 557 3208 confessi
588 3159 652 3207 sunt
667 3147 796 3209 habuisse
811 3161 838 3208 et
852 3147 990 3228 recepisse
1008 3155 1046 3208 II.
1063 3147 1147 3209 libras

64 3245 182 3312 adom
195 3243 349 3325 B(eatrice)
362 3243 501 3323 dalphina,
518 3262 571 3323 que
585 3243 675 3304 littera
685 3243 737 3305 luit
750 3243 852 3324 scripta
865 3264 937 3306 anno
957 3250 1144 3320 II⁰CCC⁰III⁰,

63 3341 113 3402 die
126 3339 198 3418 jovis
211 3353 275 3419 post
289 3339 389 3402 festum
410 3338 641 3421 Pur(ificationis)
659 3340 741 3402 beate
764 3341 850 3402 hIarie
882 3341 1007 3421 virginis,
1033 3340 1146 3401 inclusis

62 3438 93 3498 in
109 3435 194 3496 dictis
206 3442 245 3497 II.
259 3436 322 3497 libr.
341 3436 505 3517 quibusdam
519 3435 579 3498 aliis
593 3437 786 3499 solutionibus.

113 3531 182 3608 316.
198 3540 276 3609 Item,
295 3534 379 3614 qued.
396 3534 485 3596 littera
511 3534 538 3595 iu
561 3534 693 3614 pendenti
709 3534 837 3614 sigillata,
865 3534 966 3614 scripta
997 3533 1048 3594 sub
1072 3551 1146 3596 anno

65 3631 126 3694 Dr'ri
140 3631 286 3706 III⁰III⁸X⁰,
305 3630 450 3692 continens
464 3631 491 3692 iu
507 3630 605 3692 effectu
632 3630 707 3711 quod
737 3630 813 3691 dom.
839 3631 978 3692 Iohannes
999 3630 1145 3710 dalphinus

62 3727 148 3790 dedit
163 3727 241 3788 dom⁰
254 3727 385 3808 Guigoni,
401 3728 513 3789 domino
523 3727 679 3808 Bellivisus,
695 3748 714 3788 x
727 3727 812 3789 libras
825 3747 908 3807 super
925 3728 1005 3788 furno
1021 3729 1143 3791 hIorasii.

99 3842 112 3902 3
124 3843 170 3899 ¹7·
186 3830 265 3899 Item,
275 3824 359 3903 qued.
368 3824 458 3886 littera
466 3825 570 3905 papalis
578 3824 652 3885 bulla
659 3824 942 3904 plumbeahlexandri
950 3845 1021 3905 pape
1028 3825 1143 3902 bullata,

63 3923 219 3984 continens
229 3935 257 3983 et
266 3941 382 3983 narrans
396 3923 471 4002 quod
482 3923 557 3983 dom.
571 3922 660 4002 Guigo
671 3922 816 4002 dalphinus
826 3922 946 3984 existens
956 3937 1033 3985 extra
1042 3938 1144 3986 terram

63 4038 160 4092 suam,
176 4016 213 4078 ob
227 4017 354 4079 timorem
365 4018 485 4079 carceris
499 4017 551 4078 sub
563 4017 687 4079 districtu
697 4019 809 4080 alterius
820 4019 996 4093 constitutus,
1008 4022 1145 4083 contraxit

64 4114 276 4176 matrimonium
307 4134 357 4194 per
378 4115 464 4175 verba
478 4113 513 4173 de
527 4114 647 4192 presenti
668 4133 730 4175 cum
754 4116 843 4176 Sicilia
867 4115 922 4177 filia
936 4117 1009 4178 dom'
1025 4117 1143 4179 Barralis
