2716 4784
693 413 868 493 ,156-

242 547 372 622 Ysoardi,
385 546 469 608 filium
487 544 624 606 Guillelmi
640 543 773 606 Arthaudi
794 543 898 607 domini
922 544 957 606 de
980 544 1080 626 nyssio
1108 557 1138 606 et
1159 542 1195 605 de
1219 551 1304 607 Gressa
1349 550 1352 613 l

240 645 371 718 condam,
387 644 464 705 dom⁰
479 642 609 723 dalphino
623 656 651 705 et
666 642 830 722 recognovit
840 655 936 703 tenere
950 641 987 703 ab
999 660 1033 703 eo
1047 652 1143 704 castra
1156 639 1192 702 de
1207 646 1304 719 Gressa,
1349 620 1352 676 l

242 739 278 802 dc
295 740 438 814 Tochana,
451 739 563 801 domum
590 739 679 800 castri
693 739 839 815 Bemardi,
865 759 948 801 unam
964 738 1001 800 de
1026 738 1161 801 domibus
1182 738 1303 815 Miribelli,

241 836 417 898 medietatem
433 856 528 898 eorum
539 856 593 918 que
608 835 729 898 habebat
751 837 779 897 in
794 849 886 899 castro
905 836 940 897 de
968 835 1124 917 Esparione
1144 836 1211 898 etin
1227 855 1305 916 parro

241 932 309 995 chiis
326 933 362 994 de
377 933 508 1016 Claylliis,
530 934 565 995 de
579 940 681 995 Sancto
698 933 817 995 Martino
832 947 860 995 et
882 933 1012 1014 quicquid
1026 945 1106 996 tenet
1135 933 1172 994 ab
1196 952 1229 995 eo
1244 939 1304 1015 Rep-

157 1024 158 1028 ’
241 1030 349 1093 naudus
368 1031 528 1112 Berengarii
551 1044 579 1093 et
605 1030 742 1093 Galterius
767 1031 803 1093 de
832 1038 1014 1114 Meyssennas
1036 1044 1064 1093 et
1088 1017 1221 1113 quicquid
1244 1045 1304 1093 tenet

244 1134 326 1209 Hugo
341 1127 376 1190 de
390 1129 475 1209 Aquis
491 1128 649 1191 iratersuus
659 1128 694 1190 ab
705 1128 804 1191 eodem
815 1129 888 1210 apud
903 1136 1050 1192 Brusetum
1063 1143 1092 1192 et
1105 1130 1303 1212 quicquidtenet

241 1223 316 1303 apud
333 1223 495 1286 Altaretum.

283 1319 350 1399 890.
368 1327 446 1395 item,
463 1322 549 1403 quod.
565 1321 642 1403 publ.
659 1323 870 1386 instrumentum
892 1323 1024 1404 scriptum
1041 1343 1127 1386 manu
1154 1324 1227 1388 Petri
1240 1323 1304 1387 Guil-

242 1414 313 1476 lelmi
332 1417 430 1478 notarii
441 1418 492 1480 sub
507 1439 579 1480 anno
595 1420 647 1481 Drii
664 1426 889 1495 M⁰CC⁰XLVII⁰,
909 1421 970 1482 idus
981 1421 1163 1501 septembris,
1179 1423 1304 1484 continens

243 1512 317 1592 quod
331 1513 378 1573 illl
389 1514 518 1596 princeps
530 1516 606 1577 dom.
620 1517 711 1598 Guigo
735 1516 881 1597 dalphinus
910 1517 1074 1580 Viennensis
1096 1518 1213 1581 tradidit
1235 1525 1305 1580 Petro

143 1610 150 1623 '
243 1611 365 1693 Aynardi
380 1612 490 1673 nomine
505 1613 716 1693 permutationis
732 1613 845 1675 domum
870 1633 949 1675 suam
975 1613 1011 1675 de
1042 1614 1156 1677 Savello
1183 1634 1244 1678 cum
1256 1627 1306 1677 toto

241 1720 401 1770 tenemento
415 1709 550 1786 ejusdem,
569 1710 683 1790 usagiis,
700 1710 857 1772 hominibus
878 1724 906 1772 et
922 1710 980 1772 aliis
1007 1709 1127 1790 juribus,
1145 1712 1209 1775 item
1224 1730 1306 1775 omnes

240 1824 341 1868 census
352 1819 380 1867 et
392 1806 491 1886 placita
506 1806 592 1867 mansi
610 1806 644 1866 de
655 1807 786 1889 Cloyose,
805 1819 921 1887 excepta
940 1826 995 1868 una
1008 1821 1116 1870 somata
1128 1809 1196 1886 vini,
1212 1822 1239 1872 et
1251 1809 1306 1870 dict.

244 1909 343 1964 Petrus
360 1903 482 1986 Aynardi
495 1903 608 1964 tradidit
623 1903 712 1964 eidem
723 1923 758 1968 ex
772 1923 855 1965 causa
870 1904 994 1984 predicta
1009 1904 1143 1986 quicquid
1157 1906 1273 1969 habebat
1285 1905 1307 1966 in

242 2014 334 2062 castro
349 2012 376 2061 et
389 1999 583 2061 mandamento
599 1999 634 2062 de
650 2000 772 2083 Theysio
785 2014 813 2062 et
825 1999 990 2082 generaliter
1003 2001 1098 2062 omnia
1119 2021 1176 2083 que
1202 2001 1308 2065 habebat

245 2117 261 2158 a
276 2097 357 2158 Geria
373 2116 459 2177 usque
473 2097 641 2159 Alavardum
657 2111 740 2179 prout
749 2119 821 2180 aqua
831 2112 858 2161 et
872 2119 974 2180 ruppes
986 2098 1144 2162 includunt.

284 2193 352 2274 891.
368 2200 447 2268 ltem,
475 2194 560 2275 quod.
579 2195 657 2276 publ.
684 2195 894 2258 instrumentum
921 2196 1053 2278 scriptum
1082 2183 1169 2259 manu
1192 2196 1309 2261 lobannis

243 2291 356 2368 notarii,
382 2291 434 2353 sub
454 2310 528 2352 anno
543 2293 596 2354 Diri
614 2299 831 2369 M⁰CC0LXV10,
859 2293 904 2354 die
919 2292 1057 2354 dominica
1083 2293 1207 2358 intrante
1229 2313 1309 2357 mense

244 2389 348 2470 aprilis,
362 2388 506 2451 continens
521 2390 596 2470 quod
612 2391 770 2453 Bemardus
787 2390 874 2472 Payni
901 2389 936 2451 de
960 2390 1074 2452 Biviaco
1088 2410 1142 2471 pro
1166 2411 1196 2454 se
1217 2406 1245 2454 et
1263 2391 1309 2453 suis

242 2487 307 2549 fecit
320 2485 479 2548 fidelitatem
497 2500 525 2549 et
538 2488 696 2569 homagium
711 2488 836 2576 Sadonio
846 2494 949 2563 Auruc,
965 2487 1022 2548 flio
1040 2488 1116 2550 dom¹
1129 2489 1207 2552 Petri
1219 2497 1308 2562 Auruc,

244 2585 386 2665 recipienti
396 2585 508 2647 nomine
519 2585 583 2647 dicti
597 2586 673 2646 dom.
684 2585 771 2661 Petri,
783 2586 860 2647 salvo
873 2604 929 2645 uno
937 2584 1061 2653 domino.
1071 2599 1099 2648 et
1109 2585 1189 2650 dedit
1195 2588 1309 2650 eidem..

245 2702 263 2743 u
285 2682 366 2744 solid.
382 2702 482 2746 census
497 2703 581 2765 super
595 2681 723 2744 omnibus
745 2682 827 2745 bonis
849 2682 905 2744 suis
920 2701 974 2763 que
985 2682 1101 2745 tenebat
1115 2697 1146 2746 et
1165 2684 1311 2766 possidebat

242 2779 271 2840 in
285 2779 480 2843 mandamento
499 2781 600 2843 Montis
617 2780 737 2842 Bonodi.
1165 2855 1169 2863 Ι

153 2938 156 2943 ,
285 2875 353 2956 892.
391 2883 470 2952 ltem,
493 2878 579 2958 quod.
607 2878 684 2958 publ.
716 2877 927 2940 instrumentum
969 2877 1101 2959 scriptum
1133 2900 1218 2942 manu
1248 2888 1311 2960 Hug.

244 2971 400 3033 Chabruelli
411 2973 510 3035 notarii
521 2973 597 3054 publ.
614 2974 666 3036 sub
682 2994 755 3036 anno
771 2980 880 3054 lncam.
898 2964 1107 3046 M⁰ll⁰XC⁰Vl⁰,
1122 2985 1187 3037 νιιιο
1209 2975 1310 3038 kalend.

244 3069 378 3147 octobris,
397 3072 541 3135 continens
556 3074 630 3155 quod
642 3073 769 3154 Guigona
784 3073 916 3148 Falcona,
932 3091 1002 3134 uxor
1017 3072 1093 3134 Petri
1107 3073 1196 3150 Seiat,
1211 3075 1246 3136 de
1258 3093 1312 3136 corr-

243 3185 326 3229 sensu
343 3167 407 3230 dicti
422 3168 510 3231 mariti
526 3169 567 3232 sui
582 3169 708 3231 vendidit
722 3169 758 3230 ill¹
772 3169 849 3231 dome
865 3167 1014 3250 B(eatrici)
1030 3167 1144 3231 domine
1164 3168 1312 3251 Fucignaci

245 3265 412 3327 {sestarium
425 3265 554 3329 frumenti
571 3280 598 3328 et
619 3285 626 3326 1
643 3266 770 3346 gallinam
786 3285 885 3328 census
907 3278 935 3326 et
954 3283 994 3325 uu
1019 3264 1101 3326 solid.
1131 3265 1168 3328 de
1182 3266 1281 3347 placito
1291 3266 1312 3327 in

243 3363 400 3424 mutacione
420 3362 524 3424 domini
543 3376 571 3424 et
589 3363 769 3444 possessoris,
789 3383 871 3445 quem
889 3381 1003 3424 censum
1021 3361 1143 3424 iaciebat
1163 3363 1311 3426 Guillelmus

244 3458 398 3535 Chabrerii,
415 3460 509 3540 precio
525 3478 565 3520 1111
581 3460 675 3522 librar.
694 3479 722 3521 x1
740 3461 820 3522 solid.
1278 3477 1280 3482 ·

284 3555 353 3635 893.
383 3562 463 3631 ltem,
488 3556 574 3636 quod.
601 3556 679 3637 publ.
711 3556 921 3619 instrumentum
947 3559 1105 3621 confectum
1135 3579 1221 3621 manu
1248 3567 1308 3638 Hug.

244 3652 396 3714 Chabuellii
410 3654 521 3729 notarii,
534 3654 561 3715 in
578 3675 633 3735 quo
648 3674 678 3716 se
691 3651 853 3736 subscripsit
868 3662 967 3716 Petrus
975 3655 1010 3717 de
1019 3655 1115 3717 Balma
1126 3656 1309 3733 notarius,sub

114 3802 116 3806 .
210 3807 212 3813 ,
244 3769 317 3810 anno
335 3751 387 3810 Diri
404 3757 621 3813 M⁰CC⁰XC⁰V11
642 3799 650 3828 ‚
668 3771 716 3813 xur
742 3752 856 3815 kalend.
878 3752 1054 3833 septembris,
1074 3754 1224 3816 continens
1247 3751 1306 3836 quod

244 3845 383 3907 Berardus
399 3848 535 3910 Leobardi
557 3848 719 3910 domicellus
747 3851 891 3912 consessus
918 3849 969 3912 luit
994 3869 1024 3911 se
1035 3849 1137 3912 fecisse
1165 3851 1304 3932 homagium

243 3942 338 4024 ligium
353 3943 387 4014 illi
397 3944 457 4006 viro
471 3947 547 4008 dom.
562 3947 673 4028 Hugoni
690 3946 829 4028 Dalphini,
855 3947 968 4009 domino
999 3947 1172 4029 Fucignacii,
1206 3968 1252 4030 pro
1267 3944 1303 4006 lit

243 4058 298 4124 que
311 4042 627 4108 tenetinmandamento
646 4045 747 4108 Montis
763 4046 871 4109 Bonodi
887 4060 915 4108 et
933 4045 1035 4108 Montis
1052 4047 1156 4124 Fortis,
1175 4061 1202 4109 et
1213 4044 1301 4128 speria
1349 4030 1352 4063 ³

244 4139 305 4202 liter
321 4157 372 4222 pro
386 4140 470 4202 domo
483 4141 547 4204 forti
565 4162 647 4223 quam
663 4156 740 4206 tenet
765 4143 839 4225 apud
869 4143 1038 4226 Bregninum
1054 4145 1170 4206 nomine
1195 4140 1299 4206 caterine
