2722 4770
592 432 632 447 -
654 398 771 477 ²78-

146 525 259 607 Aibonis
273 525 413 589 comitisse
428 545 462 590 ac
470 527 583 590 domine
597 527 766 610 Fucigniaci,
783 546 835 608 pro
846 526 976 591 omnibus
999 524 1086 591 bonis
1098 541 1129 591 et
1141 527 1219 592 rebus

145 639 200 703 que
211 637 238 684 et
252 643 321 704 quas
346 623 405 704 ipse
431 625 555 699 tenebat,
571 625 692 688 habebat
716 639 745 688 et
769 624 873 686 habere
885 637 997 705 poterat
1009 638 1038 688 et
1054 625 1179 688 debebat
1189 644 1220 688 ex

145 718 322 781 successione
339 734 454 799 paterna
467 734 497 782 et
506 735 628 783 materna
637 721 682 784 vei
698 740 732 782 ex
747 739 921 801 quacumque
933 720 989 783 alia
1005 739 1095 784 causa
1107 720 1221 784 interra

146 828 175 878 et
187 815 301 878 baronia
315 816 540 899 {cumigniaffls
557 836 684 898 quasres
704 816 815 879 etbona
828 817 972 879 confessus
999 816 1053 880 tuit
1077 837 1110 879 se
1129 831 1220 882 tenere

145 915 213 978 dict.
231 923 321 999 Aymo
335 917 362 977 in
376 916 517 978 feuduma
539 917 613 979 dicta
624 917 736 978 domina
751 930 779 979 et
794 936 845 998 pro
860 915 994 997 predictis
1004 916 1075 980 fecit
1085 917 1139 980 sibi
1155 917 1218 981 dict.

145 1011 304 1075 fidelitatem
318 1027 346 1074 et
356 1013 513 1094 homagium
524 1027 552 1076 et
565 1029 648 1095 prout
662 1013 761 1094 inipso
770 1013 937 1076 continetur.

190 1129 273 1190 ¹570-
291 1116 370 1184 item,
397 1110 483 1191 quod.
501 1110 538 1172 al.
563 1111 773 1173 instrumentum
783 1110 915 1191 scriptum
930 1128 1015 1171 manu
1029 1110 1170 1192 Guigonis
1185 1110 1219 1173 de

145 1206 269 1267 Avalone
283 1206 382 1268 notarii
393 1206 471 1286 publ.
489 1221 517 1269 et
531 1222 673 1289 receptum
687 1228 737 1289 per
757 1190 842 1270 Anti.
862 1207 961 1269 Guersi
984 1221 1047 1270 not.
1067 1207 1136 1288 pub.
1153 1202 1228 1270 conl

145 1303 221 1380 dam,
236 1303 287 1364 sub
302 1321 375 1364 anno
392 1304 444 1364 Diri
458 1311 714 1381 M⁰CC⁰LXXV11⁰‚
734 1304 814 1366 indit.
831 1318 882 1379 vu,
900 1305 946 1367 die
959 1303 1074 1366 veneris
1087 1318 1152 1367 ante
1165 1305 1221 1367 fes-

144 1413 202 1461 tum
218 1399 345 1460 Omnium
361 1407 536 1477 Sanctorum,
550 1402 694 1464 continens
709 1402 783 1482 quod
808 1409 939 1482 Jaquetus
956 1399 992 1462 de
1017 1400 1147 1482 Bueygio
1172 1400 1221 1462 fuit

145 1497 289 1561 confessus
299 1511 327 1559 et
337 1498 446 1578 publice
457 1498 619 1580 recognovit
628 1518 660 1561 se
670 1512 766 1560 tenere
779 1499 807 1559 in
820 1497 932 1560 feudum
943 1518 959 1559 a
969 1496 1050 1559 dom*¹
1064 1495 1219 1578 B(eatrice)

145 1594 250 1656 vienne
260 1608 289 1656 et
302 1594 415 1683 elbonis
440 1596 579 1657 comitissa
601 1615 634 1657 ac
662 1595 773 1657 domina
792 1593 950 1675 Fucigniaci
973 1593 1081 1676 quand.
1108 1593 1219 1656 domum

145 1710 221 1753 suam
238 1713 293 1774 que
306 1693 406 1755 dicitur
419 1693 523 1772 Ruppis
539 1693 639 1769 Fortis,
657 1693 737 1755 sitam
759 1692 788 1754 in
800 1691 939 1754 territorio
965 1691 1002 1752 de
1022 1691 1163 1773 Bueygio,
1193 1704 1220 1753 et

145 1789 270 1871 quitquid
279 1789 365 1852 habet
380 1804 408 1852 et
418 1803 494 1852 tenet
509 1790 568 1871 ipse
581 1797 643 1871 laq.
666 1790 739 1852 inter
756 1790 825 1851 duas
837 1809 924 1870 aquas
939 1788 1014 1870 apud
1030 1794 1142 1870 Buego,
1165 1800 1217 1851 etc.

189 1906 273 1968 ¹57¹·
290 1873 369 1964 item,
384 1889 470 1969 quod.
486 1888 523 1950 ai.
540 1888 749 1949 instrumentum
761 1887 839 1968 pubi.
851 1887 984 1967 scriptum
998 1905 1084 1949 mnu
1097 1885 1173 1949 Petri
1185 1885 1219 1948 de
1238 1925 1243 1939 1

146 1991 241 2046 Monte
252 1983 288 2046 de
304 1991 442 2069 Sersonay
453 1985 551 2047 notarii
564 1984 641 2066 pubi.
659 1984 710 2046 sub
724 2002 798 2045 anno
823 1982 877 2044 Diri
902 1989 1106 2063 M⁰QCC⁰XV⁰,
1137 1982 1217 2045 indit.

145 2094 228 2154 111112,
247 2080 292 2142 die
308 2081 445 2143 dominica
462 2096 525 2144 ante
537 2082 636 2144 festum
650 2081 677 2144 b¹
693 2081 802 2143 Martini
816 2079 961 2162 yhemalis,
979 2079 1130 2142 continens
1144 2080 1218 2162 quod

147 2177 299 2241 Richardus
315 2179 423 2240 Martini
442 2179 477 2241 de
491 2179 635 2242 Salanchia
649 2180 739 2242 dictus
755 2180 906 2242 Monachus
918 2177 1068 2241 confitetur
1080 2192 1108 2241 et
1121 2177 1221 2241 asserit

145 2287 173 2336 et
188 2275 297 2356 publice
310 2275 473 2357 recognovit
486 2296 516 2338 se
533 2295 595 2338 esse
609 2275 680 2338 velle
704 2289 732 2338 et
747 2277 850 2341 debere
878 2295 940 2338 esse
956 2275 1097 2369 hominem
1123 2275 1219 2356 ligium

143 2372 191 2434 iil¹¹
211 2372 262 2434 viri
279 2373 355 2435 dom.
368 2373 493 2454 Hugonis
509 2373 647 2455 Daiphini,
663 2374 766 2437 domini
779 2373 947 2456 Fucigniaci‚
957 2386 986 2435 et
994 2373 1064 2435 dict.
1076 2373 1218 2434 dominum

146 2470 304 2550 Fucigniaci
316 2485 344 2534 et
360 2491 426 2534 suos
440 2472 528 2553 sequi,
550 2473 656 2551 juvare,
674 2471 833 2534 deffendere
857 2486 885 2534 et
904 2490 1039 2552 anparare
1055 2484 1115 2533 toto
1136 2490 1219 2552 posse

145 2580 242 2629 contra
259 2587 445 2649 quascumque
455 2588 588 2650 personas
602 2581 630 2630 et
643 2580 843 2631 sacramentum
862 2566 1001 2630 fidelitatis
1017 2581 1047 2630 et
1063 2587 1114 2649 per
1127 2567 1220 2630 omnia

69 2726 72 2731 .
143 2662 285 2745 imparari.

190 2781 274 2842 ¹57²·
291 2770 370 2840 item,
385 2763 472 2845 quod.
489 2764 525 2828 al.
543 2765 753 2828 instrumentum
779 2762 821 2845 (ut
852 2750 951 2844 1353),
971 2762 1018 2825 die
1031 2775 1101 2824 uxv²
1116 2761 1220 2825 mensis

145 2859 239 2935 madii,
255 2861 398 2922 continens
407 2860 564 2943 homagium
578 2863 670 2944 ligium
685 2862 720 2924 de
741 2880 860 2943 persona
873 2861 1016 2942 prestitum
1031 2860 1219 2942 pernobilem

146 2956 313 3037 Stephanum
325 2957 360 3018 de
376 2958 482 3020 Ponnie
509 2959 587 3020 dom⁰
600 2973 696 3022 nostro
710 2959 851 3041 dalphino‚
867 2959 945 3021 salvo
959 2959 1090 3040 homagio
1103 2957 1133 3021 et
1147 2959 1220 3021 fide-

144 3052 220 3115 litate
234 3053 333 3134 quibus
347 3068 457 3116 tenetur
466 3056 579 3119 domino
591 3056 625 3118 de
640 3064 730 3140 Gayo.

189 3165 272 3230 1573.
286 3156 365 3226 Item,
381 3152 464 3232 qued.
481 3152 570 3215 littera
584 3154 669 3234 quod.
687 3153 812 3234 sigilioin
828 3153 961 3234 pendenti
975 3153 1094 3235 sigillata
1111 3168 1140 3219 et
1155 3175 1219 3219 sus-

32 3329 39 3341 ο
144 3245 231 3328 cripta
248 3267 330 3309 manu
347 3248 478 3311 iohannis
500 3249 671 3327 Amandrini,
688 3250 761 3312 facta
774 3249 826 3312 sub
839 3269 914 3312 anno
940 3249 994 3312 Diri
1015 3257 1215 3331 M⁰CCC⁰XL⁰‚

143 3343 227 3408 indic.
243 3358 316 3422 vuit,
331 3345 376 3407 die
389 3359 430 3407 111²
444 3346 545 3408 mensis
560 3346 654 3423 madii,
669 3346 812 3409 continens
831 3346 905 3427 quod
922 3353 1022 3410 Petrus
1038 3347 1170 3413 dominus
1183 3351 1217 3414 de

145 3443 280 3523 Longino,
296 3442 460 3506 constitutus
474 3443 502 3504 in
518 3443 660 3524 presencia
674 3443 720 3505 iil¹·
734 3444 865 3526 principis
878 3442 960 3506 dom.
987 3445 1135 3508 Humberti
1160 3448 1217 3510 dal-

143 3539 219 3620 phini
229 3540 403 3617 Viennensis,
419 3539 510 3602 eidem
518 3539 599 3602 dom.
608 3533 743 3621 'dalphino
758 3559 808 3621 pro
820 3559 851 3603 se
863 3553 891 3602 et
900 3540 956 3602 suis
971 3541 1114 3622 stipulanti
1122 3563 1175 3625 per
1187 3563 1215 3607 se

144 3651 172 3701 et
184 3656 250 3699 suos
275 3654 449 3700 successores
469 3637 607 3719 promictit
620 3638 761 3700 bonafide
777 3638 852 3719 quod
865 3636 901 3700 ab
918 3637 982 3699 inde
992 3636 1022 3699 in
1032 3652 1117 3702 antea
1129 3657 1215 3721 usque

144 3740 179 3802 ad
196 3759 279 3801 unum
294 3759 396 3802 annum
419 3739 507 3803 nullas
526 3740 714 3821 alligaciones,
736 3739 952 3819 convenciones,
971 3753 1065 3821 pacta,
1080 3741 1216 3806 confede-

136 3835 280 3911 rationes,
293 3836 434 3917 pactiones
448 3849 476 3900 et
491 3835 575 3917 qued.
592 3836 645 3898 alia
655 3836 683 3897 in
692 3836 752 3918 ipsa
764 3850 903 3899 contenta.

189 3933 469 4014 1574.1tem,qued.
497 3933 533 3995 al.
560 3933 648 3995 littera
671 3933 757 4014 quod.
780 3932 869 4014 sigillo
885 3933 913 3994 in
929 3934 1062 4014 pendenti
1084 3938 1211 4020 sigillata,

134 4025 245 4105 scripta
266 4027 318 4089 sub
335 4049 408 4090 anno
436 4030 495 4091 Diri
520 4035 718 4108 M⁰CC⁰XC⁰i⁰,
742 4028 786 4091 die
813 4030 877 4091 lune
896 4029 925 4093 in
938 4030 1031 4112 vigilia
1055 4035 1212 4099 Natiuitatis

138 4123 266 4199 Domini,
282 4124 426 4188 continens
439 4127 514 4207 quod
536 4125 696 4190 Guiilelmus
710 4126 837 4190 dominus
853 4128 888 4192 de
904 4128 1013 4192 viriaco
1030 4133 1211 4198 constituisse
