2716 4784
598 454 756 513 -,2..

137 589 206 651 quas
219 569 358 650 promissit
385 570 493 630 solvere
519 569 609 630 eidem
632 567 753 644 domine,
783 583 916 627 unacum
946 567 1010 626 lllm
1031 564 1146 626 solidor.
1161 583 1201 644 pro

137 664 348 747 aquirimmento
362 665 397 727 de
412 665 533 727 Tollino.

90 767 97 777 ’
180 779 245 859 365.
264 785 342 856 Item,
357 778 441 860 qued.
457 778 552 841 lietera
566 776 689 840 officialis
703 775 877 850 Viennensis,
889 773 992 855 scripta
1002 771 1057 834 sub
1071 789 1146 833 anno
1161 770 1202 831 uti

139 881 340 951 tuccetum,
357 875 503 937 continens
515 875 590 957 quod
605 874 681 936 dom.
696 871 864 934 Humbettus
885 870 921 932 de
942 868 1095 945 miribello,
1105 867 1203 929 nomine

138 974 218 1034 done
236 971 361 1051 Philippe
375 971 468 1033 uxoris
494 990 554 1046 sue,
580 970 722 1032 confessus
735 968 786 1030 luit
810 966 938 1029 habuisse
954 986 970 1027 a
986 965 1070 1027 dom⁰
1084 963 1204 1026 Drodone

139 1066 252 1129 donnino
269 1067 414 1130 Bellivisus
431 1068 466 1130 de
491 1075 597 1143 Marco,
620 1079 718 1147 patruo
734 1065 806 1126 dicte
833 1046 909 1126 dom·
925 1062 1066 1143 Philippe,
1088 1061 1126 1123 de
1151 1060 1205 1121 dote

138 1163 224 1245 ipsius
238 1164 360 1241 domine,
376 1163 460 1225 videl.
477 1165 557 1225 Vlllc
575 1163 658 1223 libras
672 1161 809 1223 bonorum
822 1160 971 1236 Viennen.;
986 1192 1028 1205 -
1045 1157 1113 1237 366.
1131 1164 1200 1232 ltem,

139 1260 192 1323 alia
208 1260 302 1322 lietera
320 1259 421 1340 scripta
442 1279 515 1321 anno
532 1259 585 1320 Diti
604 1263 859 1333 ll0CC⁰XC⁰Vlll⁰,
880 1256 1027 1319 continens
1047 1254 1127 1335 quod
1145 1253 1204 1314 iden

140 1357 216 1418 dom.
238 1356 407 1418 llumbettus
421 1356 456 1418 de
472 1355 608 1418 Miribello
625 1354 768 1417 confessus
784 1354 834 1416 fuit
853 1375 869 1415 a
890 1353 964 1414 dicto
982 1352 1062 1413 dom.
1086 1351 1205 1413 Drodone

140 1451 269 1514 habuisse
283 1470 317 1513 ex
331 1471 414 1513 causa
424 1451 547 1533 predicta
562 1458 626 1512 llllc
636 1450 720 1513 libras
736 1450 873 1512 bonorum
888 1450 1026 1511 viennen.

184 1564 249 1644 367.
268 1572 346 1641 ltem,
364 1566 448 1646 qued.
461 1565 667 1629 littereduobus
680 1565 773 1647 sigillis
787 1565 815 1626 in
830 1563 961 1646 pendenti
971 1562 1105 1644 sigillare,
1118 1561 1220 1641 scripte·

140 1660 192 1722 sub
206 1680 278 1722 anno
294 1661 348 1723 nni
374 1669 589 1739 M0CC⁰LX0V0,
622 1681 716 1724 mense
743 1661 820 1740 junii,
848 1661 1025 1723 continentes
1047 1660 1125 1741 quod
1141 1659 1204 1720 don.

142 1756 321 1840 stainardus)
336 1777 429 1821 comes
440 1759 569 1821 Forensis
583 1757 747 1824 etdominus
762 1757 885 1836 Bellijoci
895 1770 922 1818 et
936 1757 1069 1820 Ysabella
1080 1757 1206 1820 comitissa

143 1854 271 1916 Forensis
286 1869 313 1916 et
327 1856 439 1918 domina
454 1857 588 1934 Bellijoci,
605 1875 674 1917 uxor
686 1855 821 1935 ejusdem,
836 1854 1023 1935 posuerantin
1039 1854 1206 1935 fidejussione

141 1952 260 2034 quadam
272 1952 349 2014 dom.
365 1953 520 2033 Guigonem
532 1952 690 2033 dalphinum
705 1953 733 2014 in
745 1972 827 2025 manu
845 1951 970 2038 lingonis
983 1952 1120 2028 Michalli,
1134 1971 1206 2033 super

145 2051 193 2110 llm
210 2061 238 2109 et
253 2046 461 2127 quadringentis
474 2049 551 2110 libris
565 2050 700 2113 Viennen.

186 2161 251 2238 368.
266 2167 344 2236 ltem,
360 2160 447 2241 quod.
459 2161 495 2223 al.
507 2162 717 2225 instrumentum
733 2164 864 2244 scriptum
878 2180 961 2223 manu
982 2162 1061 2223 Petri
1089 2160 1207 2224 Chaurini

143 2253 242 2313 notarii
256 2253 337 2334 pub,
350 2256 401 2317 sub
416 2276 489 2319 anno
506 2258 559 2319 uni
575 2265 788 2334 m0cc⁰tx⁰11⁰‚
804 2259 889 2321 indic.
905 2277 990 2336 nona,
1003 2259 1097 2339 pridie
1107 2256 1205 2321 kalend.

143 2348 220 2427 junii,
232 2351 378 2415 continens
392 2354 467 2435 quod
484 2355 560 2417 dom.
578 2356 736 2439 symondus
746 2356 781 2417 de
791 2356 860 2435 Anjo
873 2356 939 2418 fecit
948 2356 1113 2437 homagium
1128 2357 1206 2438 ligium

144 2446 222 2507 dom⁰
236 2448 355 2528 Guigoni
368 2450 499 2531 dalphino
509 2452 657 2514 viennensi
672 2465 699 2514 et
713 2453 856 2516 confessus
871 2453 920 2516 fuit
940 2467 1038 2516 tenere
1064 2453 1103 2517 ab
1122 2453 1206 2516 eoden

144 2543 236 2605 omnia
251 2563 284 2606 ea
297 2547 470 2625 quetenebat
481 2549 555 2630 apud
569 2557 679 2610 Jarceu.
744 2542 746 2548 ¹

187 2659 253 2741 369.
278 2668 357 2737 ltem,
382 2664 467 2743 quod.
492 2664 529 2725 al.
557 2663 767 2727 instrumentum
785 2665 916 2745 scripturn
946 2683 1031 2725 manu
1057 2664 1166 2727 Martini
1179 2661 1206 2722 de

145 2763 242 2818 Castro
264 2758 340 2819 Forti
359 2759 459 2820 notarii
487 2760 577 2839 publ,
599 2761 650 2824 sub
676 2781 750 2823 anno
784 2762 1007 2824 Dr'ticelncam.
1029 2767 1204 2833 meseum,

145 2856 239 2917 ultima
252 2856 296 2918 die
314 2857 417 2919 mensis
432 2857 506 2933 maii,
525 2860 670 2921 continens
689 2859 764 2940 quod
782 2879 878 2921 omnes
890 2877 1009 2940 persone
1028 2859 1121 2921 tocius
1139 2875 1205 2919 man·

145 2953 265 3014 damenti
282 2968 310 3016 et
319 2955 400 3016 castri
416 2956 511 3018 Balme
525 2957 661 3020 Ostoduni
681 2957 873 3038 quietaverunt
896 2971 924 3018 et
948 2957 1117 3019 remiserunt
1144 2955 1205 3017 dicto

145 3051 264 3125 notario,
298 3051 437 3132 stipulanti
465 3066 493 3115 et
514 3054 657 3134 recipienti
684 3043 795 3117 nomine
824 3053 960 3133 magnifici
984 3053 1119 3134 principis
1140 3052 1202 3112 dom.

101 3170 107 3181 ·
147 3147 291 3210 Humberti
316 3149 437 3230 dalphini
456 3151 634 3227 Viennensis,
656 3151 785 3232 quicquid
806 3151 865 3230 ipse
886 3164 914 3212 et
933 3150 1148 3230 predecessores
1171 3145 1203 3209 sui

145 3247 298 3309 habuerant
312 3247 347 3309 ab
365 3247 479 3310 eisdem.

188 3375 253 3442 370.
272 3370 351 3439 Item,
363 3365 448 3442 qued.
465 3364 555 3425 littera
569 3362 678 3424 duobus
694 3362 789 3442 sigillis
802 3362 930 3442 sigillata,
951 3361 1055 3442 scripta
1076 3362 1128 3425 sub
1144 3377 1202 3423 anno

147 3460 200 3521 nni
219 3466 432 3536 M⁰CC⁰LXX10,
449 3460 493 3521 dre
505 3458 615 3520 veneris
632 3472 695 3538 post
709 3457 905 3534 Reminiscere,
922 3458 1070 3521 continens
1087 3473 1203 3538 compro

145 3556 256 3618 missum
267 3557 369 3618 factum
384 3557 456 3618 inter
470 3556 610 3618 dominum
625 3556 659 3616 de
677 3563 765 3617 Turre
778 3575 813 3616 ex
829 3574 883 3616 una
893 3569 971 3634 parte
982 3569 1009 3617 et
1019 3555 1098 3616 dom.
1113 3562 1205 3636 Hyssa-

143 3653 243 3714 bellam
265 3654 433 3716 comitissam
458 3654 588 3730 Forassii,
605 3653 752 3715 'dominam
779 3651 847 3713 Belli
870 3652 944 3726 loci,
969 3671 1002 3713 ex
1027 3652 1116 3714 altera
1136 3667 1205 3731 super

144 3750 271 3812 omnibus
285 3750 389 3828 injuriis
403 3765 431 3813 et
446 3750 575 3832 c(eteris)
592 3764 621 3813 et
634 3750 789 3831 specialiter
805 3769 889 3829 super
901 3749 974 3811 facto
988 3749 1024 3809 de
1041 3756 1125 3812 Lent.

187 3877 251 3936 37¹·
266 3867 345 3936 Item,
364 3860 447 3941 qued.
458 3859 548 3922 littera
560 3860 676 3941 sigillata
688 3859 716 3920 in
730 3857 874 3938 pendenti,
890 3857 994 3937 scripta
1007 3857 1060 3918 sub
1074 3876 1150 3919 anno
1165 3853 1209 3919 biri

145 3963 345 4035 M⁰CC⁰XXX⁰,
361 3967 421 4018 xv1⁰
435 3957 547 4018 kalend.
562 3957 704 4031 febroarii,
717 3955 862 4017 continens
872 3955 947 4036 quod
965 3955 1044 4016 doma
1055 3955 1210 4037 Margarita,

143 4053 198 4114 iilia
214 4055 333 4117 condam
353 4055 431 4116 dom⁰
451 4054 585 4117 Beatricis
602 4053 730 4115 ducbisse
750 4066 776 4113 et
799 4053 905 4115 Vienne
920 4051 1072 4130 comitisse,
1092 4053 1214 4116 confessa

143 4152 192 4215 luit
210 4153 339 4219 habuisse
369 4173 385 4213 a
411 4153 489 4215 dom⁰
509 4152 618 4214 Andrea
648 4150 779 4230 dalphino
804 4152 888 4213 fratre
909 4170 959 4215 suo
980 4164 1095 4215 centum
1114 4168 1216 4217 marcas
