2716 4784
555 378 757 439 ...217-

171 507 257 551 1222.
277 496 312 551 Et
338 489 428 571 primo
444 489 609 553 invenerunt
626 491 699 554 inter
715 490 803 557 dictas
819 491 969 572 scripturas
985 491 1052 554 dict.
1071 493 1203 556 baronia-

120 609 187 652 rum
206 589 420 651 instrumentum
441 588 672 669 emancipacionis
690 588 790 653 nobilis
812 589 967 673 Raymundi
984 590 1020 652 de
1030 590 1200 668 medulone,

121 685 231 748 domini
243 686 364 748 condam
381 685 453 749 dicte
468 686 593 763 baronie,
601 699 629 749 et
639 686 800 749 donacionis
812 686 864 749 sibi
877 687 949 751 lacte
959 686 995 750 de
1006 687 1080 750 dicta
1087 688 1203 752 baronia

122 803 176 867 per
191 783 268 846 dom.
286 783 480 866 Raymundum
494 783 553 863 ejus
569 796 688 865 patrem,
707 784 839 865 scriptum
856 783 908 846 sub
928 803 1002 846 anno
1017 784 1053 846 ab
1070 792 1204 849 lucama-

122 881 207 943 cione
224 880 333 942 Domini
346 881 433 953 nostri
448 880 531 942 ihesu
552 880 642 961 xpisri
667 879 735 941 mill⁰
748 886 807 941 CC⁰
824 879 1013 960 octuagesimo
1032 879 1133 960 primo,
1151 881 1204 943 sci-

122 976 190 1038 licet
203 975 293 1056 pridie
306 976 368 1037 idus
381 975 449 1055 julii,
460 995 542 1038 manu
558 976 701 1040 Robertcti
716 975 830 1039 Roberti
845 976 945 1038 notarii
965 975 1068 1057 publici
1084 975 1202 1040 condam

124 1089 153 1137 et
164 1073 300 1136 bullatum
316 1073 390 1136 bulla
402 1073 543 1155 plumbea.

170 1189 258 1249 ¹223·
281 1179 349 1233 Item
368 1171 535 1234 invenerunt
551 1171 672 1253 quinque
693 1169 875 1235 instrumenta
891 1191 1017 1236 connexa
1039 1173 1068 1235 in
1094 1171 1203 1234 duabus

125 1268 256 1351 pellibus,
272 1267 441 1331 continentia
455 1268 647 1350 exequtiones,
663 1268 795 1332 emendas
816 1283 845 1332 et
869 1269 1024 1333 debitorum
1053 1267 1204 1332 solutiones

125 1365 201 1426 dorni
217 1364 361 1426 Ronceiini
380 1365 499 1426 condam
517 1364 623 1427 Lunelli
637 1375 665 1429 et
679 1365 781 1428 Montis
795 1366 893 1429 Albani
907 1365 1022 1443 domini,
1047 1365 1077 1428 in
1089 1364 1204 1428 baronia

127 1461 232 1529 Montis
241 1460 338 1522 hlbani
352 1462 452 1524 iactam
467 1475 495 1524 et
510 1462 597 1524 iactas
611 1481 661 1542 per
673 1461 749 1525 dom.
767 1470 915 1544 Hugonem
928 1462 1051 1545 hymarii
1065 1462 1101 1525 de
1120 1469 1205 1525 Mon-

125 1561 206 1623 tilio
198 1574 275 1639 juxta
288 1560 495 1622 ordinacionem
515 1572 707 1641 exequtomm‚
724 1559 825 1642 scripta
844 1560 896 1622 sub
924 1579 997 1622 anno
1013 1559 1100 1622 Driice
1115 1567 1205 1622 incar-

125 1659 252 1721 nacionis
275 1661 496 1734 M011⁰XC⁰V110,
509 1657 569 1723 scil.
602 1670 646 1719 ιιιο
673 1657 787 1720 kalend.
810 1657 943 1735 octobris,
957 1676 1041 1720 manu
1054 1657 1204 1721 hibertide

127 1753 240 1836 Brayda
252 1753 352 1816 notarii
369 1753 446 1834 publ.

170 1868 257 1928 ¹2²4·
286 1855 365 1926 Item,
381 1849 539 1931 homagium
560 1864 588 1914 et
608 1850 766 1932 recognicio
787 1851 859 1913 lacta
873 1870 925 1932 per
940 1852 1017 1914 dom.
1043 1849 1149 1913 Pollam
1169 1848 1213 1919 de¹

124 1961 219 2010 castro
234 1947 269 2009 de
283 1947 438 2025 Vinsobris,
467 1962 579 2028 recepta
607 1967 689 2010 manu
707 1949 790 2029 Guig.
808 1948 948 2010 Frumenti
977 1954 1037 2011 not.
1061 1946 1129 2029 pub.
1153 1946 1204 2008 sub

124 2064 200 2108 anno
218 2044 380 2106 Nativ.l)i1i
397 2048 637 2122 M01110XXX1X⁰‚
650 2045 752 2108 diexxr
765 2044 867 2109 mensis
878 2044 984 2107 marcii.
1070 2123 1072 2127 ¹

170 2159 223 2203 122
232 2160 256 2222 5.
273 2147 352 2217 Item,
368 2141 1011 2223 quodinstrumentumcontinensconcordiam
1022 2142 1124 2206 factam
1134 2141 1205 2203 inter

123 2239 203 2301 dom.
221 2237 374 2299 iohannem
385 2239 544 2319 dalphinum
559 2240 632 2304 bone
646 2241 779 2304 memorie
791 2261 827 2304 ex
841 2261 896 2303 una
910 2254 989 2321 parte
1001 2254 1029 2303 et
1041 2240 1117 2302 dom.
1135 2246 1206 2302 Bea-

122 2335 223 2399 tricem
237 2335 273 2396 de
285 2334 421 2412 livellino,
437 2355 551 2398 uxorem
566 2337 706 2418 quondam
719 2338 792 2400 domi
802 2337 937 2399 Guidonis
952 2336 1090 2417 Dalphini,
1102 2335 1205 2398 domini

123 2432 304 2495 baroniarum
319 2432 421 2495 Montis
434 2433 532 2495 Albani
542 2432 692 2513 quondam,
708 2454 791 2515 super
804 2433 870 2496 dote
884 2433 970 2514 ipsius
976 2434 1052 2495 dom.
1069 2432 1204 2494 Beatrisie

123 2541 152 2592 et
164 2547 249 2610 super
262 2528 360 2610 legatis
374 2542 402 2591 et
422 2529 480 2591 aliis
492 2529 616 2610 pluribus
628 2530 811 2611 peticionibus
821 2550 890 2611 quas
901 2529 1020 2592 faciebat
1029 2548 1113 2609 super
1123 2528 1204 2591 bonis

123 2626 192 2690 dicti
209 2625 286 2688 dom.
303 2626 437 2688 Guidonis
442 2626 593 2707 ,scriptum
606 2626 658 2688 sub
669 2646 742 2688 anno
753 2626 841 2689 Dnrce
857 2633 966 2688 lncam
984 2626 1202 2700 M01110V110x0‚

123 2724 223 2787 indict.
251 2741 299 2798 κν,
320 2723 365 2786 die
395 2723 490 2786 ultima
512 2724 614 2787 mensis
634 2723 761 2804 januarii,
785 2742 868 2785 manu
889 2722 1026 2785 Guillelmi
1051 2721 1201 2797 lamberti,

124 2822 311 2906 Vayssionen
332 2821 472 2903 dyocesis,
487 2822 587 2885 notarii
606 2821 683 2902 publ.

172 2919 258 2982 1226.
285 2926 364 2997 Item,
385 2918 544 3000 recognicio
564 2918 648 2982 castri
674 2917 709 2980 de
734 2917 824 2980 Podio
841 2923 959 2998 Hugone
973 2917 1046 2981 lacta
1066 2937 1117 2998 per
1132 2917 1204 2981 dilos

126 3019 293 3081 Baudonum
310 3030 338 3081 et
353 3017 504 3080 Alterinum
521 3017 557 3079 de
574 3016 663 3078 Podio
681 3022 800 3097 Hugone
825 3034 889 3077 cum
921 3014 980 3078 aliis
1009 3013 1066 3077 suis
1089 3015 1204 3097 pareriis

125 3116 208 3178 dome
217 3113 343 3177 Rondete
354 3113 465 3175 domine
476 3112 578 3175 Montis
590 3112 699 3188 Albani,
709 3112 812 3193 scripta
824 3131 907 3173 manu
917 3110 1054 3173 Guillelmi
1064 3111 1099 3174 de
1112 3111 1202 3174 Podio

126 3210 240 3286 notarii,
256 3209 308 3272 sub
322 3229 395 3271 anno
407 3216 516 3271 incarn.
531 3209 584 3271 Diri
599 3214 841 3284 M⁰CC⁰LXXV10,
855 3221 931 3270 xtru⁰
938 3206 1050 3270 kalend.
1059 3207 1200 3270 febroarii.

173 3302 258 3384 ¹²²7·
275 3314 354 3383 item,
371 3305 530 3387 recognicio
553 3313 654 3369 Sancte
680 3305 758 3368 Galle
783 3305 856 3368 lacta
871 3323 922 3385 per
950 3304 1026 3367 dom.
1047 3304 1203 3366 Ysodorum

129 3403 296 3486 Raymundo
315 3403 350 3466 de
361 3403 530 3478 Medulione,
547 3403 649 3483 scripta
664 3401 717 3463 sub
740 3402 842 3484 (anno)
865 3409 973 3463 incarn.
989 3405 1200 3476 hl⁰CC⁰LXVl⁰,

127 3502 173 3563 die
188 3502 252 3562 lune
266 3515 330 3564 ante
342 3500 543 3582 Camiprivium
557 3519 672 3575 novum,
689 3519 772 3562 manu
787 3497 943 3582 Raymundi
956 3497 1090 3579 Guigonis
1101 3496 1201 3560 notarii

126 3597 308 3663 mmmm

173 3695 259 3756 1228.
279 3701 358 3771 Item,
373 3695 409 3757 al.
429 3694 640 3757 instrumentum
658 3692 803 3756 continens
819 3691 976 3771 homagium
995 3690 1095 3753 nobilis
1123 3690 1204 3753 Guil-

126 3791 202 3853 lelmi
216 3790 251 3852 de
261 3797 371 3871 hgouto
384 3803 412 3854 et
427 3791 645 3872 recognitionem
659 3789 759 3852 factam
773 3788 808 3851 de
821 3787 997 3870 medieta(te)
1012 3786 1094 3850 castri
1109 3788 1202 3850 Sancti

127 3889 241 3953 Genesii
266 3889 350 3952 etde
377 3889 484 3952 bastida
499 3889 535 3952 de
557 3897 723 3965 Marmorea,
750 3901 892 3970 receptum
917 3905 999 3948 manu
1013 3886 1087 3950 dorn¹
1101 3887 1202 3949 Humb¹

129 3988 213 4050 Pilati
229 3987 280 4050 sub
295 4007 368 4050 anno
382 3982 476 4051 Nativ.
493 3986 548 4049 Diri
563 3988 818 4062 M0111⁰xxxt111⁰,
835 3984 880 4048 die
896 4003 914 4046 x
928 3983 1030 4047 mensis
1047 3982 1160 4064 januarii
1178 3997 1199 4046 ¹.

170 4209 192 4247 ι.
209 4191 248 4246 En
262 4209 295 4248 nr.
311 4191 394 4247 Vacat
407 4191 464 4265 quia
477 4198 515 4248 est
529 4189 552 4247 in
566 4187 722 4264 Vapincecio.
