2716 4784
134 554 281 614 continens
296 554 455 633 homagium
467 554 560 635 ligium
580 555 725 635 prestitum
744 574 794 636 per
804 556 880 616 dom.
898 555 1071 617 Guilleimum
1088 555 1123 616 de
1138 561 1215 617 Con-

135 649 231 710 driaco
248 649 361 710 militem
375 649 452 712 dom.
471 650 613 732 dalphino.

177 746 276 808 262-o.
291 754 369 823 Item,
383 747 469 828 quod.
479 749 514 810 al.
525 748 736 811 instrumentum
745 750 877 831 scriptum
887 770 969 811 manu
979 748 1215 831 Philippihndt'ee

136 843 288 906 Galterocti
298 844 397 905 notarii
411 843 501 924 publ.‚
523 845 574 906 sub
595 865 668 907 anno
691 846 744 906 Dr'ri
757 853 1016 922 M0CCC⁰XX11110,
1036 846 1133 908 indict.
1149 866 1214 923 vira,

135 940 180 1002 die
190 957 282 1002 rotun⁸
295 940 397 1003 mensis
407 942 526 1022 augusti,
545 942 690 1004 continens
705 944 781 1024 quod
797 945 967 1005 Johannetus
993 943 1124 1016 Mancini,
1142 962 1218 1003 mer-

136 1051 215 1099 cator
229 1036 405 1101 Florentinus
427 1058 546 1119 sequens
562 1040 665 1100 curiam
694 1047 858 1114 Romanam,
877 1040 1002 1102 vendidit
1024 1053 1052 1101 et
1079 1039 1219 1102 transtulit

136 1135 262 1196 actiones
281 1154 345 1196 suas
372 1135 521 1197 Francisco
538 1136 682 1217 Raymucii
696 1136 731 1198 de
745 1137 864 1217 quodam
887 1136 981 1198 debito
1008 1139 1056 1197 11m
1084 1138 1215 1197 florenor.

137 1233 195 1293 auri
222 1250 292 1312 quos
323 1231 445 1295 debebat
472 1232 547 1295 dom.
579 1233 715 1295 Henricus
747 1234 884 1315 Dalphini,
909 1235 1041 1296 Metensis
1058 1234 1173 1309 electus,
1191 1248 1219 1296 et

137 1328 215 1389 dom.
231 1327 322 1408 Guigo
350 1327 496 1408 dalphinus
526 1329 601 1391 dicto
619 1331 773 1392 lohanneto
789 1329 925 1408 Mancini3
944 1343 972 1392 et
994 1330 1080 1410 quod.
1101 1330 1137 1390 al.
1157 1327 1217 1390 ins-

136 1436 307 1486 trumentum
324 1423 352 1485 in
369 1424 466 1492 eadem
482 1425 553 1505 pelle
573 1425 716 1506 scriptum,
743 1427 887 1488 continens
900 1426 1054 1488 cessionem
1079 1426 1217 1488 actionum

137 1521 257 1601 predict.
276 1521 376 1582 iactam
396 1541 446 1602 per
464 1522 531 1584 dict.
553 1523 731 1585 Franciscum
744 1523 818 1587 dicto
835 1525 990 1585 iohanneto
1008 1545 1015 1584 ε
1033 1543 1087 1605 que
1109 1523 1214 1584 instru-

139 1631 234 1679 menta
248 1618 425 1680 inveniuntur
439 1618 548 1681 reddita
556 1619 634 1680 dom⁰
642 1619 784 1701 dalphino‚
801 1640 851 1701 per
865 1640 947 1702 quam
957 1620 1145 1682 reddicionem
1157 1639 1218 1700 pre

140 1727 288 1777 sumuntur
302 1714 396 1776 debita
409 1716 534 1796 predicta
547 1715 647 1777 soluta.
1229 1738 1231 1743 ·

182 1812 252 1890 263.
275 1818 354 1887 Item,
373 1811 459 1892 quod.
486 1812 523 1874 al.
543 1798 754 1874 instrumentum
779 1811 911 1891 scriptum
937 1830 1019 1872 manu
1043 1811 1124 1890 Guig.
1153 1818 1221 1870 Fru-

140 1909 228 1971 menti
241 1920 301 1968 not.
320 1907 402 1987 pub,
425 1908 477 1970 sub
493 1928 566 1970 anno
584 1908 699 1970 Nativit.
717 1908 770 1970 oni
789 1915 1072 1984 M⁰ccc⁰xxxuu⁰,
1091 1908 1171 1969 indit.
1190 1921 1221 1967 11³

142 2021 169 2069 et
186 2007 234 2067 die
249 2017 292 2065 rua
301 2005 404 2067 mensis
415 2006 543 2085 januarii,
555 2006 699 2068 continens
715 2006 874 2088 homagium
887 2005 1029 2086 prestitum
1041 2025 1091 2086 per
1100 2004 1221 2066 nobilem

141 2113 153 2164 J
157 2104 299 2165 ohannem
312 2102 347 2165 de
359 2104 436 2165 Bello
448 2104 586 2187 Repayrio
596 2103 674 2164 dom⁰
687 2104 831 2184 dalphino,
842 2117 959 2183 excepto
974 2103 1103 2182 homagio
1118 2101 1221 2163 domini

143 2201 248 2263 Montis
263 2201 392 2278 chanun,
409 2215 436 2264 et
451 2201 598 2263 terminum
610 2200 808 2282 assignacionis
827 2201 862 2262 ad
876 2201 1134 2282 recognoscendum
1151 2199 1220 2260 infra

143 2312 253 2361 certum
263 2311 373 2379 tempus
387 2299 434 2360 diu
449 2312 491 2361 est
507 2299 624 2379 lapsum.

184 2395 255 2473 264.
274 2402 353 2472 Item,
368 2393 454 2477 quod.
471 2394 508 2456 al.
524 2394 735 2456 instrumentum
758 2394 801 2472 (ut
812 2394 949 2476 praeced),
966 2394 1110 2457 continens
1122 2395 1222 2455 homa-

141 2493 219 2574 gium
235 2492 379 2573 prestitum
396 2511 445 2573 per
470 2491 698 2568 Franciscumde
714 2491 874 2554 Versatorio
901 2490 936 2552 de
964 2498 1117 2573 Moyrenco
1144 2491 1222 2551 dom⁰
1249 2478 1256 2492 “

143 2590 279 2671 dalphino
291 2604 319 2652 et
333 2590 481 2659 terminum
494 2589 537 2672 (ut
548 2590 609 2671 ib).

187 2687 257 2768 265.
282 2695 360 2764 item,
381 2687 468 2768 quod
491 2687 702 2749 instrumentum
731 2685 774 2767 (ut
791 2682 874 2766 263),
894 2684 1039 2746 continens
1067 2682 1224 2764 homagium

144 2785 293 2867 prestitum
316 2803 367 2865 per
382 2784 502 2846 nobilem
521 2782 704 2845 Humbertum
719 2781 755 2843 de
769 2781 946 2862 Chapaversa
969 2778 1004 2842 de
1033 2778 1171 2841 Bellovisu
1194 2778 1222 2839 in

147 2882 274 2965 Royanis
289 2895 317 2943 et
339 2881 485 2943 terminum
500 2880 542 2961 (ut
558 2879 619 2960 ibi).
666 2916 668 2923 ·
1077 2879 1082 2890 '
1220 2927 1223 2933 .

188 2978 257 3040 266.
273 2985 351 3053 Item,
364 2977 450 3058 quod,
468 2976 504 3038 al.
525 2977 736 3038 instrumentum
749 2975 792 3056 (ot
807 2974 889 3055 263),
907 2973 1052 3035 continens
1065 2971 1224 3053 homagium

147 3075 294 3158 prestitum
311 3073 458 3155 magnifico
473 3072 619 3154 princi(pi)
643 3073 720 3134 dom.
739 3071 871 3153 dalphino
896 3071 1044 3133 Viennensi
1061 3091 1112 3152 per
1125 3078 1229 3152 hyma-

147 3194 210 3235 rum
223 3172 329 3234 Luneili
341 3171 376 3232 de
391 3171 479 3247 Valle,
498 3170 544 3251 qui
559 3170 703 3231 confessus
728 3169 778 3231 fuit
801 3188 831 3230 se
854 3187 915 3231 esse
931 3168 1069 3230 hominem
1082 3167 1177 3248 ligium
1192 3166 1227 3229 de

148 3288 272 3351 persona
289 3282 316 3329 et
328 3267 475 3330 terminum
490 3267 533 3349 (ut
548 3267 610 3348 ib).
735 3316 739 3322 .

192 3366 260 3444 267.
278 3373 356 3442 Item,
374 3365 458 3447 qued.
475 3365 564 3426 littera
582 3364 609 3424 in
628 3363 759 3444 pendenti
776 3363 891 3444 sigillata
908 3362 997 3424 trihus
1012 3360 1126 3448 sigillis,
1142 3357 1228 3420 videl.

149 3462 242 3548 sigilio
253 3463 377 3526 officialis
390 3463 467 3525 curie
479 3463 642 3526 Viennensis
658 3446 686 3523 et
700 3463 796 3523 ddom.
816 3461 981 3523 arbitrorum
996 3471 1189 3520 contentorum
1203 3456 1231 3518 in

150 3566 226 3627 dicta
255 3563 356 3637 littera,
385 3561 487 3642 scripta
504 3580 577 3622 anno
596 3559 649 3620 Diri
664 3561 870 3635 M⁰HCXL⁰V1⁰‚
893 3556 1038 3618 continens
1061 3554 1232 3635 pronuncia-

150 3663 262 3723 cionem
276 3671 304 3721 et
318 3658 496 3720 concordiam
513 3658 613 3719 iactam
633 3656 705 3717 inter
731 3655 897 3738 Cyboudum
921 3653 1062 3715 dominum
1089 3654 1124 3716 de
1139 3654 1233 3716 Bello-

151 3758 251 3820 videre
268 3756 303 3817 de
315 3763 410 3817 Marco
425 3769 453 3817 et
467 3754 641 3817 Guilielmum
652 3753 711 3832 ejus
723 3750 820 3827 hlium,
839 3771 874 3813 ex
896 3771 950 3812 una
965 3764 1054 3832 parte,
1069 3763 1097 3813 et
1111 3758 1234 3813 Bernar-

152 3855 220 3914 dum
239 3852 368 3914 abbatem
383 3865 411 3913 et
423 3865 591 3914 conventum
613 3849 705 3911 Sancti
719 3847 830 3910 Andree
850 3847 1025 3924 Viennensis,
1043 3867 1127 3930 super
1142 3847 1235 3910 omni-

153 3951 207 4012 bus
225 3947 383 4030 quereliset
397 3948 589 4031 questionibus
612 3964 681 4026 quas
697 3944 837 4007 habebant
851 3943 887 4006 ad
910 3943 1030 4007 invicem
1060 3944 1088 4006 in
1117 3944 1182 4006 uilla
1207 3956 1235 4006 et

157 4046 307 4130 parrochia
324 4046 359 4107 de
375 4046 513 4130 Moydies.

196 4143 266 4206 268.
283 4150 362 4219 ltem,
378 4143 464 4225 quod.
481 4143 517 4203 al.
534 4143 746 4203 instrumentum
756 4138 889 4219 scripturn
905 4156 987 4201 manu
1003 4145 1086 4200 Fran.
1096 4134 1131 4197 de
1140 4142 1235 4196 Monte
1311 4222 1322 4232 Ι
