2716 4784
584 377 763 455 ..133-

177 524 246 585 794.
266 513 345 582 ltem,
354 508 406 569 tria
420 508 497 588 publ.
511 507 731 570 instrumentain
742 525 797 569 una
810 506 883 588 pelle
892 505 973 569 simul
985 525 1110 583 annexa,
1119 507 1207 589 scripta

138 620 220 663 manu
231 602 334 665 hiberti
348 604 384 665 de
401 604 512 686 Brayda
536 604 636 666 notarii
660 603 752 685 publ.,
779 623 897 684 quorum
923 603 1046 684 primum
1062 603 1207 666 conlectum

137 711 179 760 est
188 698 240 760 sub
257 718 330 761 anno
347 705 455 760 lncam.
471 699 558 761 onice
572 705 747 774 nt⁰ccc⁰11⁰,
762 699 807 761 die
823 712 878 760 ηιμ
896 699 1002 761 mensis
1026 699 1137 776 marcii,
1149 717 1208 761 con-

136 794 227 856 tinens
246 795 320 875 quod
336 794 474 857 lacelmus
491 795 637 857 Bertrandi
656 809 684 857 et
713 795 878 858 lacelmetus
907 796 967 875 ejus
996 794 1073 858 tilius
1098 796 1208 858 lecerunt

138 893 295 974 homagium
315 892 407 974 ligium
422 893 501 954 dom0
520 893 665 955 Hunberto
681 892 813 973 dalphine
830 892 980 955 Viennensi
993 913 1047 975 pro
1069 893 1208 956 hereditate

138 1007 193 1070 que
203 989 322 1050 condam
334 989 384 1052 luit
398 989 471 1051 dom¹
490 989 645 1072 Raymundi
661 989 807 1051 Bertrandi
818 989 920 1066 militis,
933 988 1077 1052 confitens
1086 1004 1208 1071 etrecog·

137 1105 258 1149 noscens
286 1085 322 1148 ab
355 1087 454 1148 eodem
473 1087 549 1148 dom.
577 1086 708 1166 dalphino
735 1086 916 1148 hereditatem
947 1086 1107 1167 predictam
1123 1099 1153 1164 Ι;
1176 1121 1208 1134 -

138 1200 207 1263 795.
224 1182 381 1245 Secundum
391 1183 547 1244 conlectum
562 1196 604 1244 est
618 1182 670 1244 sub
685 1183 771 1243 codem
788 1195 896 1244 annuet
911 1182 969 1259 die,
987 1184 1137 1247 continens
1145 1183 1208 1264 quod

138 1280 303 1341 lacelmetus
321 1280 466 1341 Bertrandi
488 1279 650 1342 domicellus
668 1279 800 1341 convenit
819 1280 898 1340 dom⁰
916 1281 1068 1343 Hunberto
1093 1280 1209 1362 dalphine
1228 1300 1231 1305 ·

139 1377 274 1439 Viennen.
293 1390 449 1458 permutare
466 1397 498 1439 ea
522 1397 576 1459 que
602 1377 723 1439 habebat
739 1378 813 1458 apud
843 1384 964 1439 Corvum
989 1396 1043 1459 pro
1063 1379 1124 1441 aliis
1139 1378 1210 1440 rebus

139 1472 360 1553 competentibus
379 1475 587 1554 comprehensis
611 1475 638 1535 in
661 1475 752 1536 instr¹0
771 1474 897 1554 predicto
914 1496 922 1553 ;
945 1510 987 1522 -
1002 1479 1074 1557 796.
1100 1477 1209 1539 Tertium

140 1588 208 1632 vero
224 1570 316 1631 instrm
331 1570 486 1632 conlectum
513 1571 566 1633 sub
581 1571 667 1632 eodem
682 1591 766 1657 anno,
790 1571 836 1633 die
857 1571 944 1634 sabati
958 1572 1032 1634 inter
1049 1573 1108 1635 duo
1125 1572 1212 1635 Cami-

140 1666 239 1749 privia,
254 1667 399 1728 continens
420 1668 494 1747 quod
512 1668 693 1750 Raymundus
707 1669 743 1730 de
760 1675 819 1751 hya
846 1669 992 1730 confessus
1014 1670 1070 1731 luit
1097 1684 1213 1732 tenerea

140 1764 219 1826 domo
240 1764 385 1849 Hunberto
407 1764 537 1845 dalphino
553 1765 688 1826 viennen.
706 1766 798 1827 omnia
817 1785 871 1846 que
884 1779 961 1827 tenet
975 1779 1004 1827 et
1020 1766 1109 1828 habet
1120 1767 1146 1827 in
1160 1766 1214 1826 dio-

140 1861 196 1924 cesi
213 1875 241 1924 et
254 1862 415 1943 episcopatu
432 1861 578 1941 vapincesi
604 1875 632 1923 et
654 1881 706 1942 pro
719 1861 859 1941 premissis
877 1862 943 1924 lecit
957 1861 1051 1923 eidem
1064 1861 1213 1943 homagium

142 1959 247 2040 ligium.

181 2074 250 2136 797.
267 2063 345 2132 Item,
364 2056 420 2118 duo
442 2056 519 2136 publ.
536 2056 718 2118 instrumenta
734 2056 762 2117 in
775 2055 872 2117 eadem
900 2054 973 2135 pelle
993 2055 1109 2118 modica
1122 2054 1215 2135 scripta

141 2170 225 2212 manu
243 2152 318 2212 Petri
333 2152 462 2213 hmselmi
477 2153 587 2229 notarii,
607 2153 724 2234 primum
741 2152 793 2213 sub
810 2171 883 2213 anno
901 2151 955 2212 Diti
974 2158 1211 2225 Mrccuxvllr,

141 2249 237 2311 indict.
260 2261 317 2323 xr2,
333 2264 385 2311 nna
405 2250 449 2312 die
469 2249 588 2312 intrante
602 2269 697 2312 mense
713 2249 837 2325 lebrorii,
854 2249 1000 2310 continens
1013 2249 1093 2330 quod
1111 2247 1215 2311 Guillel·

142 2365 203 2409 mus
219 2345 351 2409 Falaceus
365 2361 394 2410 et
409 2348 489 2409 doma
502 2347 653 2409 Clementia
667 2347 785 2409 condam
803 2366 873 2408 uxor
883 2347 1021 2408 Guillelmi
1037 2347 1214 2409 Falachelre-

113 2491 115 2495 -
141 2458 334 2526 cognoverunt
347 2464 376 2507 se
388 2459 509 2507 tenerea
524 2445 602 2506 dom⁰
616 2451 701 2506 Petro
716 2444 837 2518 hurucii,
849 2442 963 2505 domino
978 2444 1086 2505 Montis
1102 2441 1210 2516 Bonodi,

142 2542 271 2624 quicquid
284 2556 380 2604 tenent
396 2543 423 2605 in
438 2562 534 2604 manso
549 2540 800 2621 deCraponoud03
827 2575 865 2587 -
876 2541 945 2622 798.
965 2541 1128 2603 Secundum
1142 2539 1215 2620 scrip·

143 2654 194 2703 tum
210 2642 308 2702 eodem
323 2661 396 2703 anno
411 2655 439 2702 et
461 2640 560 2716 indic„
574 2653 616 2700 111a
630 2639 674 2700 die
694 2651 813 2700 exeunte
832 2631 897 2717 julio
913 2657 953 2698 rrrr
971 2638 1089 2700 kalend.
1106 2636 1213 2719 augusti,

83 2785 88 2805 t
142 2739 265 2801 continet
279 2738 502 2819 recognicionem
516 2738 617 2799 iactam
631 2756 681 2817 per
696 2750 807 2818 gentam
823 2737 858 2798 de
870 2736 1009 2798 omnibus·
1021 2756 1079 2818 que
1095 2735 1216 2798 tenebant

143 2855 160 2896 a
176 2834 252 2896 dicto
266 2834 341 2895 dom.
365 2841 399 2896 P.
417 2833 539 2896 hurucii.

184 2948 253 3010 799.
275 2938 353 3005 Item,
370 2930 455 3011 quod.
471 2930 547 3011 publ.
567 2930 778 2992 instrumentum
808 2929 941 3009 scriptum
964 2947 1051 2990 manu
1081 2925 1216 2990 Humberti

146 3028 254 3090 llerleti
270 3026 305 3088 de
317 3026 441 3102 Biviaco,
459 3026 510 3088 sub
522 3046 596 3088 anno
613 3027 667 3087 uni
681 3031 913 3101 M0CC⁰XC.111⁰,
930 3025 1029 3087 indict.
1052 3044 1094 3102 vr,
1111 3034 1152 3086 vr⁰
1164 3023 1217 3085 idus

145 3124 222 3204 junii,
237 3124 382 3185 continens
396 3123 587 3186 vendicionem
601 3123 709 3202 cujusd.
726 3123 800 3203 petie
809 3135 884 3185 terre
896 3121 947 3184 site
959 3121 988 3182 in
1004 3141 1105 3184 manso
1121 3128 1218 3200 Reque·

144 3222 183 3285 tel
194 3222 294 3285 factam
304 3242 354 3302 per
370 3229 516 3303 Hugonam
529 3230 644 3302 laquete
656 3220 803 3302 hyllioudo
814 3220 849 3281 de
865 3225 954 3296 Bona,
966 3219 1072 3281 ementi
1086 3215 1218 3301 (nomine)

145 3321 224 3383 dom⁰
235 3319 364 3401 dalphine
378 3319 488 3381 domine
500 3318 601 3380 Montis
612 3317 732 3380 Bonodi.

186 3420 254 3480 800.
294 3425 373 3492 ltem,
402 3418 486 3498 qued.
518 3416 613 3478 lietera
637 3415 738 3494 scripta
768 3433 842 3475 anno
878 3412 932 3474 Drii
957 3416 1162 3488 M⁰CC⁰LXV⁰‚
1184 3415 1218 3470 vro

146 3515 259 3578 kalend.
283 3514 387 3595 aprilis,
404 3514 468 3575 olim
494 3514 610 3595 sigillata
636 3512 726 3593 sigillo
749 3511 822 3573 dom¹
851 3510 951 3592 prioris
975 3510 1071 3572 Sancti
1103 3507 1217 3582 Roberti,

147 3612 320 3675 continentes
343 3612 491 3692 quamdam
517 3609 747 3692 permutationem
771 3609 871 3671 laetam
895 3626 946 3687 per
969 3606 1077 3668 dictum
1107 3606 1216 3687 priorem
1247 3600 1252 3612 ’

149 3710 241 3771 Sancti
255 3710 369 3771 Roberti
384 3709 419 3770 de
429 3708 593 3789 quibusdam
607 3706 695 3768 vineis
712 3718 740 3768 et
749 3705 878 3767 censibus
890 3704 918 3766 in
935 3703 1145 3770 mandamento.
1155 3709 1217 3764 Cur·

148 3805 270 3868 nillionis-
282 3807 339 3869 sitis
354 3807 432 3868 dom⁰
447 3805 589 3886 dalphine.

191 3902 259 3964 801.
273 3911 352 3978 ltem,
365 3903 450 3983 quod.
460 3901 537 3984 publ.
551 3901 762 3964 instrumentum
771 3898 902 3979 scriptum
913 3915 997 3960 manu
1009 3897 1087 3960 Petri
1097 3890 1213 3959 hmcelni

193 4125 214 4163 t.
231 4106 269 4161 En
283 4123 316 4162 m.
332 4105 396 4161 Vide
410 4104 450 4160 hic
463 4121 510 4177 pro
525 4105 599 4160 domo
613 4101 672 4158 lorti
686 4099 778 4158 Visilie.
