2716 4784
514 418 692 480 -„,..

57 529 286 608 recognicionem
305 531 406 595 laetam
434 533 513 595 dom⁰
527 533 669 614 dalphino,
701 547 731 597 ut
750 533 863 595 domino
879 534 1071 609 baroniarum,
1088 555 1139 616 per

59 625 140 687 dom.
162 627 299 688 Ponoium
323 628 358 691 de
386 621 535 693 Remusato
563 630 686 705 militem,
709 629 777 692 alias
800 629 905 691 dictum
929 631 1137 707 Comilhanum,

58 722 152 803 primo
164 722 199 785 de
211 724 300 786 tribus
313 724 436 805 partibus
451 726 534 788 castri
557 739 585 788 et
597 725 779 806 juridictionis
794 725 829 786 de
852 717 928 788 Duru
943 726 1019 788 Forti
1033 727 1140 807 Vapin-

59 837 126 882 cen.
136 819 276 898 diocesis,
292 834 320 883 et
334 821 370 883 de
384 822 512 885 omnibus
526 842 580 904 que
593 836 670 885 tenet
682 823 711 884 in
724 822 799 884 dicto
817 835 909 884 castro
922 822 982 884 -vel
998 823 1066 885 alius
1087 843 1139 904 pro

62 935 111 993 eo,
126 916 191 978 item
200 916 235 978 de
250 931 349 979 octava
363 932 443 999 parte
457 919 540 982 castri
555 932 583 982 et
593 919 764 999 jurididionis
776 918 859 1001 castri
872 918 908 981 de
925 925 1033 980 Aurana
1047 919 1091 981 siti
1110 919 1138 982 in
1160 940 1163 945 ’

61 1015 178 1098 dyocesi
201 1015 380 1078 Sitariensi'et
392 1016 428 1078 de
442 1016 570 1078 omnibus
579 1036 633 1098 que
649 1029 725 1078 tenet
740 1016 768 1077 in
778 1015 854 1078 dicto
869 1029 972 1092 castro,
987 1028 1016 1078 et
1031 1017 1066 1078 de
1076 1036 1139 1080 nte-

60 1112 165 1174 dietate
182 1131 233 1192 pro
256 1112 374 1174 indiviso
389 1113 472 1175 castri
484 1120 579 1175 Penne
594 1113 684 1175 Fortis
698 1113 772 1175 dicte
788 1112 917 1189 diocesis,
928 1113 994 1174 item
1005 1113 1040 1175 de
1050 1113 1137 1194 quod.

61 1208 188 1270 deffenso
203 1209 239 1270 de
261 1209 334 1271 erbis
358 1222 386 1271 et
407 1209 579 1284 nemoribus,
597 1210 672 1291 quod
696 1210 848 1271 deflensum
869 1209 1020 1291 vulgariter
1040 1211 1140 1291 appel-

58 1302 134 1364 latur
147 1305 260 1381 nlauso,
277 1318 305 1367 et
318 1306 353 1367 de
368 1305 543 1385 juridictione
557 1307 640 1368 castri
647 1307 682 1368 de
700 1314 770 1368 Fara
781 1296 853 1368 etde
866 1307 994 1368 omnibus
1017 1306 1139 1389 hiisque
1214 1383 1232 1394 'y

59 1409 139 1459 tenet
149 1396 177 1458 in
189 1412 281 1462 castro
292 1407 394 1463 Sancto
413 1402 536 1482 Eufemie
551 1415 579 1465 et
593 1403 628 1477 de
637 1412 667 1464 νθ
680 1403 801 1465 sestariis
817 1423 906 1465 avene
921 1417 950 1466 et
970 1422 1020 1465 vrn
1039 1404 1137 1467 denar.
1185 1441 1188 1444 -

59 1495 236 1558 censualibus
252 1517 306 1578 que
317 1498 437 1579 percipit
446 1499 475 1561 in
491 1513 583 1561 castro
593 1500 629 1562 de
646 1500 792 1562 Leborello
810 1521 816 1561 :
840 1520 893 1581 que
912 1500 1037 1581 predicta
1050 1500 1140 1565 lacius

60 1584 238 1654 declarantur
261 1594 289 1655 in
314 1595 388 1658 dicto
406 1595 501 1660 insuto
514 1597 589 1678 quod
609 1597 741 1678 scriptum
756 1611 798 1682 est
807 1597 849 1680 (ut
866 1597 966 1679 1294),
981 1598 1026 1660 die
1048 1609 1138 1662 xv1n³

62 1688 167 1751 mensis
181 1689 251 1769 julii.
977 1687 981 1695 '

109 1805 193 1866 ¹304·
210 1796 289 1865 Item,
305 1790 391 1870 quod.
404 1791 440 1852 al.
454 1791 664 1853 instrumentum
681 1791 827 1854 continens
838 1790 1063 1871 recognicionem
1076 1792 1140 1856 fac-

60 1898 120 1948 tam
136 1885 213 1947 dom⁰
225 1886 380 1950 Humberto
398 1887 527 1968 dalphino
544 1887 693 1951 Viennensi
707 1900 735 1950 et
748 1887 862 1950 Albonis
871 1887 965 1950 comiti
979 1888 1139 1970 dominique

62 1981 99 2044 de
121 1988 209 2045 Turre
231 2003 282 2064 per
301 1984 422 2046 nobilem
439 1985 515 2047 dom.
534 1985 696 2047 Rocelinum
714 1984 855 2046 dominum
871 1984 977 2046 Lunelli
992 1997 1020 2047 et
1035 1986 1143 2048 Montis

36 2141 38 2144 ,
60 2077 172 2155 Albani,
190 2095 317 2143 asserens
332 2100 362 2143 se
378 2094 474 2143 tenere
485 2095 515 2144 et
526 2095 622 2144 tenere
638 2081 741 2144 debere
756 2095 784 2144 et
795 2081 867 2144 velle
883 2081 911 2143 in
925 2080 1041 2144 baronia
1053 2090 1138 2145 Mon·
1189 2113 1191 2118 .

62 2174 99 2237 tis
118 2175 215 2257 Albani
235 2191 263 2240 et
280 2178 413 2254 tenuisse,
436 2192 519 2259 prout
538 2178 639 2241 nobilis
656 2179 700 2241 vir
718 2180 794 2242 dom.
822 2186 997 2260 Dragonetus
1018 2179 1138 2242 condam

62 2272 187 2350 tenebat,
200 2287 289 2336 castra
302 2275 373 2337 infra
387 2275 489 2356 scripta
500 2294 562 2337 cum
577 2275 669 2352 terris,
686 2275 763 2353 viris,
784 2276 955 2356 pertinentiis
973 2289 1002 2338 et
1021 2276 1140 2339 manda-

63 2369 165 2432 mentis
178 2372 350 2448 eorumdem,
367 2372 492 2436 defeudo
502 2386 531 2435 et
542 2372 593 2435 sub
603 2373 725 2436 dominio
733 2374 877 2435 memorati
887 2374 962 2435 dom.
976 2373 1097 2451 dalphini
1111 2387 1140 2436 et

63 2468 293 2549 predecessorum
308 2490 431 2547 suorum,
447 2484 476 2533 et
488 2470 576 2533 eciam
590 2470 749 2534 fidelitatem
765 2471 831 2533 fecit
846 2470 956 2548 eidem;
975 2483 1066 2532 castra
1075 2484 1139 2533 sunt

63 2566 129 2642 hec,
138 2565 350 2629 videlcastrum
357 2567 459 2629 Montis
468 2566 576 2650 Albani,
588 2580 708 2630 castrum
718 2567 752 2628 de
762 2567 888 2649 Ryomis,
899 2578 1025 2640 castrum
1036 2565 1143 2628 Montis

64 2663 185 2739 Guersii,
193 2677 312 2725 castrum
320 2665 548 2727 SancteEulemie
556 2664 1138 2746 etcastrumVerceyrani,etomnejusquod

63 2760 116 2823 sibi
124 2761 256 2842 competit
268 2775 296 2823 et
303 2776 461 2844 competere
478 2776 569 2843 potest
582 2775 612 2824 et
624 2761 708 2823 debet
721 2761 749 2823 in
762 2762 884 2824 futurum
899 2761 927 2824 in
941 2776 1032 2824 castro
1045 2762 1138 2824 Sancti

63 2858 174 2933 Albani,
187 2859 394 2935 mandamento,
409 2859 547 2922 territorio
562 2872 590 2920 et
603 2858 774 2939 pertinentiis
789 2858 924 2938 ejusdem,
938 2859 1041 2921 lactum
1056 2879 1139 2921 manu

64 2954 199 3037 Aymonis
215 2956 250 3017 de
264 2957 404 3019 Chessinis
420 2957 497 3038 publ.
511 2956 622 3036 notarii,
638 2956 691 3018 sub
707 2975 780 3017 anno
805 2963 914 3048 incarn.
939 2956 1061 3036 ejusdem
1085 2956 1140 3018 uni

66 3059 269 3129 M⁰cc⁰xe⁰10,
286 3054 370 3118 indic.
389 3069 453 3133 nna,
472 3051 593 3117 die'lune
606 3067 670 3136 post
684 3053 863 3134 Epiphaniam
880 3053 1001 3127 Domini.

112 3169 196 3231 ¹305·
212 3159 291 3240 Item,
308 3152 394 3234 quod.
409 3152 445 3214 al.
463 3152 674 3214 instrumentum
684 3151 829 3213 continens
845 3151 949 3232 quand.
963 3151 1140 3232 recognicio-

65 3267 131 3309 nem
144 3249 245 3310 factam
259 3249 343 3312 nobili
358 3249 418 3310 viro
433 3249 509 3310 dom.
528 3256 687 3331 Dragoneto
706 3248 808 3311 Montis
820 3248 918 3310 Albani
933 3248 1045 3310 domino
1060 3261 1088 3310 et
1103 3247 1140 3310 ab

66 3342 127 3422 ejus
136 3345 380 3424 predecessoribus
393 3359 420 3408 et
433 3346 469 3409 ab
479 3347 627 3409 heredibus
651 3360 679 3408 et
701 3345 909 3408 successoribus
923 3345 1046 3425 ejusdem
1061 3343 1137 3406 dont.

68 3443 221 3524 Dragoneti
236 3464 287 3525 per
299 3444 458 3525 religiosum
471 3445 560 3506 virum
576 3445 652 3506 dom.
670 3443 860 3518 Ronsolinum,
877 3443 1038 3523 magistrum
1045 3454 1141 3506 sancte

66 3540 168 3602 domus
181 3540 281 3603 milicie
296 3542 403 3622 Templi
416 3541 444 3602 in
456 3540 614 3615 Provincia,
625 3559 752 3602 asserens
766 3559 797 3601 se
805 3552 901 3603 tenere
915 3552 944 3602 et
956 3537 1142 3602 teneredebe-

67 3656 98 3699 re
111 3637 140 3699 in
151 3638 264 3700 seudum
273 3639 398 3702 francum
411 3652 439 3701 et
452 3640 616 3701 honoratum
630 3637 756 3718 quidquit
773 3636 847 3698 dicta
859 3636 958 3698 domus
973 3635 1080 3717 Templi
1090 3655 1140 3699 seu

64 3734 136 3797 alius
155 3735 262 3796 seualii
282 3736 393 3799 nomine
412 3735 484 3798 dicte
504 3735 603 3797 domus
626 3740 660 3795 T.
688 3733 802 3808 habent,
816 3746 913 3796 tenent
926 3753 976 3796 seu
997 3733 1141 3816 possident

67 3832 113 3895 vel
125 3831 203 3913 quasi
222 3847 250 3895 et
264 3833 377 3909 habere,
392 3847 488 3896 tenere
501 3852 550 3895 seu
564 3830 707 3913 possidere
721 3831 766 3893 vel
791 3830 868 3912 quasi
881 3829 986 3894 debent
1000 3831 1029 3894 in
1047 3845 1140 3895 castro

67 3930 105 3992 de
127 3929 271 3992 vinsobris
284 3930 357 3992 intus
371 3943 399 3992 et
412 3943 490 3992 extra
503 3948 552 3991 seu
565 3927 594 3990 in
608 3939 767 3990 tenemento
779 3946 828 3989 seu
840 3927 1015 4005 tenementis,
1030 3927 1142 3992 territo·

67 4028 111 4090 rio
127 4046 178 4089 seu
191 4027 315 4090 districtu
328 4042 571 4109 quantumcunque
584 4045 615 4088 se
628 4025 788 4102 extendant,
800 4044 912 4115 quoquo
922 4025 1033 4088 nomine
1042 4024 1142 4108 appel-

67 4127 160 4189 lentur
176 4144 225 4187 seu
236 4139 409 4202 senseantur,
427 4125 492 4189 licet
505 4124 631 4206 predicta
645 4123 719 4186 bona
735 4123 791 4186 sint
803 4122 862 4186 sive
878 4123 1031 4188 consistant
1044 4123 1072 4184 in
1086 4134 1143 4186 sta·
