2716 4784
516 417 695 462 -201-

64 534 143 612 iuris,
159 532 273 595 dominii
286 546 315 593 et
327 531 508 611 juridictionis
520 531 603 593 habet
617 551 667 594 seu
682 531 785 595 habere
798 531 970 612 dignoscitur
980 531 1009 592 in
1021 531 1140 611 predict.

63 628 173 704 castris,
201 629 266 690 item
295 628 419 709 quitquid
433 627 510 707 juris,
534 628 658 704 dominii,
684 628 800 691 actionis
823 641 852 690 et
869 626 1046 709 proprietatis
1057 628 1142 700 babet

64 739 93 787 et
125 725 228 787 habere
260 725 431 805 dignoscitur
460 727 489 786 in
527 740 619 788 castro
651 740 680 788 et
704 726 901 787 mandamento
922 724 957 785 de
985 731 1085 801 Turre,
1107 724 1139 787 it.

65 822 192 904 quitquid
213 821 291 900 juris,
311 822 440 899 actionis,
472 822 585 884 dominii
605 835 633 884 et
659 822 836 904 proprietatis
861 822 946 885 habet
969 841 1018 885 seu
1038 822 1142 884 habere

64 920 239 1002 dignoscitur
269 919 297 980 in
323 933 415 982 castro
448 932 476 980 et
501 919 626 982 districtu
657 920 693 982 de
717 919 807 1003 Vinay
823 917 935 982 racione
951 933 982 982 et
1002 939 1037 982 ex
1056 939 1140 983 causa

64 1017 227 1081 hereditatis
249 1016 353 1079 lllberti
369 1017 405 1079 de
429 1023 531 1094 Turre,
552 1017 679 1080 canonici
702 1017 880 1094 vivariensis,
898 1030 972 1092 sunt,
990 1017 1101 1081 luerunt
1113 1031 1142 1080 et

65 1116 170 1177 debent
184 1134 246 1176 esse
260 1114 295 1176 de
317 1114 402 1177 feudo
416 1114 481 1196 ligio
500 1115 597 1195 prefati
621 1115 698 1176 dom.
722 1114 844 1195 dalphini
867 1128 894 1176 et
913 1114 1141 1195 predecessorum

64 1231 178 1274 suorum
190 1224 246 1273 tam
261 1211 290 1272 in
302 1211 467 1292 Dalphinatu
477 1232 560 1293 quam
572 1212 601 1272 in
610 1211 739 1274 barronia
751 1211 789 1301 de
794 1218 899 1273 Turre:
912 1225 940 1273 et
949 1230 1000 1292 pro
1009 1212 1141 1293 predictis

50 1310 133 1371 dict.
156 1308 327 1390 Guigonetus
354 1308 444 1386 eidem
460 1310 536 1370 dom.
568 1308 700 1389 dalphino
723 1308 880 1389 homagium
903 1308 997 1391 ligium
1023 1309 1141 1389 prestitit

64 1420 94 1469 et
109 1405 248 1468 fidelitatis
264 1419 467 1468 sacramentum
487 1418 508 1468 ¹.

109 1521 192 1582 ¹¹25·
214 1510 293 1580 Item,
316 1503 403 1584 quod.
418 1502 455 1565 al.
471 1502 548 1583 publ.
562 1502 774 1564 instrumentum
789 1515 931 1584 receptum
956 1521 1006 1584 per
1031 1501 1137 1564 Humb.

64 1600 146 1661 Pilati
156 1614 183 1663 et
198 1601 333 1682 signatum
344 1621 427 1663 manu
443 1601 540 1683 ipsius,
556 1600 607 1662 sub
621 1589 694 1662 anno
707 1600 760 1661 Diri
775 1605 1029 1675 moccc⁰xxv11⁰‚
1052 1599 1137 1661 indic.

62 1717 103 1772 xa,
116 1697 161 1758 die
175 1711 205 1757 va
220 1698 323 1760 mensis
336 1698 405 1778 julii,
419 1698 564 1760 continens
587 1696 661 1778 quod
673 1696 773 1758 nobilis
790 1695 951 1758 domicellus
966 1696 1140 1758 Guichardus

61 1795 191 1857 dominus
206 1795 242 1857 de
257 1796 376 1858 Greolea
388 1796 507 1877 prestitit
522 1795 681 1876 homagium
696 1794 790 1875 ligium
805 1808 834 1857 et
844 1793 1004 1857 fidelitatem
1016 1794 1139 1876 illprin-

61 1891 115 1972 cipi
128 1891 206 1952 dom⁰
221 1891 341 1973 Guigoni
366 1892 495 1973 dalphine
521 1891 681 1967 Viennensi,
695 1891 840 1978 continens
863 1890 951 1952 eciam
977 1890 1052 1971 quod
1067 1889 1135 1953 dict.

60 1988 236 2051 Guichardus
257 1990 420 2070 recognovit
444 2009 475 2051 se
494 2003 591 2051 tenere
605 2010 621 2050 a
636 1989 710 2051 dicto
733 1988 810 2050 dom.
828 1988 958 2069 dalphino
974 1987 1098 2049 intendo
1111 2001 1139 2050 et

14 2139 16 2142 ,
62 2085 98 2147 de
109 2085 193 2148 feudo
205 2085 333 2148 reddibili
349 2086 435 2168 ipsius
449 2087 526 2148 dom.
545 2086 666 2168 dalphini
681 2097 801 2148 castrum
809 2085 845 2147 de
855 2084 974 2147 Greolea
984 2103 1047 2147 cum
1057 2104 1138 2146 man-

61 2183 193 2246 damento
205 2197 233 2246 et
245 2183 385 2246 territorio
400 2184 535 2264 ejusdem,
548 2197 602 2246 etc.

106 2283 191 2345 1126.
209 2291 289 2360 item,
304 2282 391 2364 quod.
407 2283 443 2344 al.
455 2282 667 2344 instrumentum
682 2280 761 2362 publ.
779 2280 912 2362 scriptum
932 2298 1015 2343 manu
1033 2279 1137 2341 hiberti

61 2376 97 2438 de
110 2378 224 2441 Billiaco
238 2378 337 2442 notarii
347 2378 425 2460 publ.
442 2379 494 2442 sub
508 2399 581 2441 anno
595 2379 648 2441 uni
665 2384 907 2454 M⁰CCC⁰XV111⁰‚
924 2378 1010 2441 indic.
1030 2397 1048 2439 n
1066 2369 1137 2455 ,xia

60 2475 106 2538 die
118 2476 386 2552 mensisdecenbris‚
401 2477 546 2539 continens
558 2476 633 2557 quod
649 2476 823 2539 Guichardus
836 2475 872 2538 de
885 2475 975 2556 burgo
985 2474 1021 2538 de
1035 2482 1137 2537 Sancto

60 2574 185 2636 Gionisib
199 2576 344 2638 confessus
359 2575 421 2652 fuit,
436 2575 471 2637 ad
487 2575 649 2637 instanciam
660 2574 725 2647 dicti
741 2573 840 2635 notarii
855 2572 1011 2654 stipulantis
1025 2572 1137 2635 nomine

31 2731 32 2734 ,
59 2672 106 2733 ill¹⁵
118 2671 250 2752 principis
258 2672 334 2734 dom.
353 2673 485 2735 iohannis
502 2672 623 2754 dalphini
637 2671 813 2757 Viennensis,
829 2690 860 2733 se
879 2670 1007 2732 habuisse
1018 2683 1047 2733 et
1060 2689 1138 2732 rece·

58 2769 133 2851 pisse
147 2782 204 2831 tam
215 2769 319 2851 abipso
333 2770 410 2832 dom.
425 2769 557 2851 dalphino
573 2789 656 2851 quam
670 2769 706 2831 ab
719 2769 780 2831 aliis
789 2768 916 2850 personis
929 2768 1041 2831 nomine
1050 2767 1137 2849 ipsius

58 2866 232 2929 solventibus
242 2867 392 2947 plenariam
409 2880 437 2929 et
450 2867 601 2949 perlectam
616 2866 787 2930 solucionem
806 2866 842 2928 de
862 2865 991 2929 omnibus
1006 2865 1083 2928 univ.
1107 2878 1136 2928 et

58 2964 131 3045 sing.
145 2964 247 3026 mutuis
260 2964 482 3046 obligacionibus
497 2963 598 3027 debitis
612 2984 646 3026 ac
658 2963 746 3027 eciam
759 2963 819 3026 aliis
832 2963 1020 3026 contractibus
1034 2962 1136 3044 inqui·

57 3064 111 3124 bus
124 3061 214 3124 dictus
231 3062 307 3124 dom.
326 3061 472 3142 dalphinus
484 3081 534 3144 per
547 3081 578 3124 se
592 3062 637 3124 vel
654 3082 704 3143 per
720 3061 802 3124 alium
819 3080 907 3144 usque
923 3060 959 3124 ad
981 3061 1049 3123 dict.
1062 3060 1135 3123 diem

58 3160 149 3222 eidem
164 3159 322 3233 cuichardo
333 3171 393 3221 erat
411 3157 560 3240 obligatus,
576 3158 701 3241 exceptis
712 3159 764 3220 hiis
786 3158 815 3221 in
842 3158 942 3241 quibus
968 3157 1136 3238 reperiretur

57 3256 196 3338 obligatus
207 3255 273 3319 dict.
285 3256 315 3318 d.
325 3255 471 3337 dalphinus
484 3255 596 3318 nomine
610 3256 683 3318 dom¹
697 3254 812 3319 Amedei
826 3255 862 3317 de
872 3261 1004 3331 Cossaus,
1022 3267 1134 3336 pactum

57 3353 161 3416 faciens
176 3366 231 3416 etc.
550 3353 551 3359 ’
1028 3383 1031 3390 ·

97 3469 182 3529 ¹¹27·
200 3457 279 3526 item,
296 3451 383 3531 quod.
408 3451 445 3512 al.
468 3450 546 3532 publ.
566 3451 777 3514 instrumentum
795 3450 837 3532 (ut
861 3450 961 3532 1083),
989 3447 1134 3511 continens

56 3548 215 3630 homagium
231 3547 374 3628 prestitum
392 3566 443 3629 per
455 3548 622 3610 Berrardum
635 3548 671 3610 de
687 3555 782 3611 Laveu
797 3546 983 3622 domicellum,
993 3545 1134 3608 dominum

55 3645 91 3707 de
106 3653 260 3722 Yseronce,
273 3645 352 3706 dom⁰
366 3657 462 3707 nostro
479 3645 509 3707 d.
528 3644 682 3707 Humberto
696 3644 827 3724 dalphino
840 3641 1000 3719 Viennensi,
1016 3657 1133 3724 excepta

55 3741 188 3804 fidelitate
212 3741 286 3803 dom‘
313 3742 513 3822 archiepiscopi
539 3741 732 3822 Lugdunensis
755 3762 779 3803 s.
797 3740 907 3803 comitis
922 3737 1093 3801 Forasiensis
1106 3751 1134 3801 et

56 3840 131 3903 dom¹
143 3840 289 3924 Raynaudi
303 3840 339 3902 de
353 3839 479 3903 Foresio.

97 4088 119 4125 ι.
144 4069 182 4123 En
197 4087 230 4125 nr.
247 4068 347 4126 Sciatur
361 4067 381 4125 si
396 4067 457 4126 inira
480 4069 541 4125 dict.
567 4067 684 4125 terminos
709 4077 747 4124 est
764 4067 882 4125 situatum
906 4076 1014 4124 castrum
1038 4059 1132 4124 Montis

56 4138 161 4196 Martini
174 4148 199 4195 et
213 4139 232 4196 si
247 4140 305 4196 illud
321 4141 421 4197 tenebat
438 4139 499 4196 dict.
516 4139 641 4212 dominus,
654 4138 732 4196 eciam
747 4149 855 4195 castrum
866 4137 972 4212 Ruppis.
