2716 4784
589 369 767 431 -116-

178 504 247 581 637.
265 509 344 578 item,
370 501 456 582 quod.
468 503 504 563 al.
519 501 731 565 instrumentum
745 500 881 583 (urbib),
895 500 1043 563 continens
1062 500 1209 582 homagium

137 599 231 681 ligium
242 600 385 681 prestitum
398 598 479 660 domo
492 613 589 661 nostro
603 599 735 680 dalphino
749 617 800 678 per
808 598 963 660 iohannem
977 597 1014 659 de
1026 603 1102 660 Fons
1113 596 1209 659 Tritia·

137 717 196 759 rurn
212 711 240 759 et
254 697 442 759 terminum...

177 793 246 872 638.
265 800 344 868 item,
364 791 450 873 quod.
469 790 505 852 al.-
532 790 744 853 instrumentum
771 790 813 872 (ut
827 789 912 871 618),
930 789 977 852 die
993 803 1135 852 tremens.
1148 789 1206 869 julii,

137 890 282 952 continens
296 890 454 970 homagium
467 889 612 970 prestitum
627 908 678 969 per
697 889 881 951 Bertrandum
904 887 1020 950 soffredi
1046 888 1082 951 ill¹
1102 887 1207 970 princip'

136 988 216 1050 d0m⁰
229 1000 325 1050 nostro
336 988 364 1048 d.
379 985 525 1047 Hunberto
538 985 687 1046 Viennensi
704 984 848 1066 dalphino.

175 1085 244 1166 639.
261 1093 339 1159 item,
358 1084 449 1165 quod..
462 1084 498 1144 al.
511 1082 722 1144 instrumentum
739 1081 782 1163 (ut
795 1082 879 1164 618),
894 1081 1044 1144 continens
1060 1080 1207 1162 homagium

136 1183 229 1266 ligium
242 1184 386 1266 prestitum
411 1182 596 1243 dom⁰nostro
610 1178 742 1260 dalphino
758 1199 809 1261 per
830 1186 970 1242 Gonetum
998 1179 1036 1243 de
1058 1187 1208 1263 Mayssenas

136 1291 164 1340 et
179 1279 366 1340 terminum...

176 1375 245 1453 640.
266 1383 345 1450 item,
360 1375 445 1456 quod.
460 1374 496 1436 al.
512 1374 723 1436 instrumentum
740 1373 782 1456 (ut
795 1372 880 1456 618),
898 1374 1049 1437 continens
1063 1373 1208 1454 homagium

136 1471 230 1553 ligium
245 1473 280 1534 de
293 1492 412 1553 persona
426 1471 569 1552 prestitum
583 1489 634 1551 per
654 1470 828 1532 Guillelmum
844 1471 880 1533 de
895 1471 997 1534 Brione
1024 1472 1160 1551 juniorem
1179 1467 1208 1531 ih

136 1569 252 1650 principi
268 1569 345 1631 dom⁰
370 1567 747 1631 nostrod.1·lunbertodrio
768 1568 917 1631 Viennensi
942 1569 1078 1651 dalphino
1104 1583 1134 1633 et
1160 1582 1209 1631 ter·

137 1666 278 1728 minum...

177 1764 246 1843 641.
264 1771 342 1839 Item,
359 1763 445 1844 quod.
461 1763 497 1824 al.
511 1763 723 1826 instrumentum
734 1763 866 1846 (muza),
881 1763 927 1825 die
942 1779 995 1824 uu²
1003 1783 1094 1826 mens.
1107 1763 1207 1825 decem-

137 1860 204 1937 bris,
222 1862 367 1923 continens
382 1860 605 1942 recognitionem
621 1862 722 1923 factam
732 1860 811 1923 dom⁰
825 1874 920 1923 nostro
935 1860 1070 1942 dalphino
1084 1879 1136 1942 per
1146 1867 1207 1921 bro

136 1974 231 2022 netum
248 1961 283 2022 de
304 1960 520 2023 intermontibus
532 1960 718 2035 domicellum,
733 1959 818 2020 hlium
837 1958 956 2020 condam
978 1958 1071 2021 Roleti
1086 1958 1122 2019 de
1136 1965 1206 2019 Inter·

138 2055 290 2131 montibus,
307 2056 353 2135 qui
368 2056 511 2118 confessus
524 2057 574 2118 fuit
590 2071 725 2118 setenere
751 2057 778 2117 in
791 2055 904 2131 feudum
916 2055 1057 2130 francum,
1070 2054 1163 2116 nobile
1184 2065 1204 2114 et

139 2151 282 2232 antiquum
300 2166 327 2214 et
342 2153 376 2213 de
387 2153 471 2215 feudo
485 2154 593 2230 franco,
605 2153 689 2215 nobili
702 2167 730 2215 et
746 2153 859 2233 antiquo
872 2173 887 2214 a
901 2152 976 2214 dicto
991 2151 1071 2214 dum.
1087 2151 1203 2232 dalphinu

137 2269 192 2325 res,
212 2269 323 2325 censue,
342 2251 469 2326 servicia,
485 2251 591 2331 usagia,
610 2250 746 2326 homines,
762 2249 901 2330 homagia,
920 2268 1029 2311 merum
1057 2264 1087 2313 et
1108 2250 1202 2311 mixtum

135 2347 280 2427 imperium
290 2360 318 2410 et
333 2349 519 2411 omnimodam
533 2348 724 2429 juridicionem
736 2361 764 2421 et
779 2366 953 2428 quecumque
969 2347 1023 2409 alia
1042 2367 1098 2429 que
1112 2361 1138 2410 et
1150 2365 1202 2429 quas

136 2456 163 2505 et
177 2463 258 2524 quam
272 2444 372 2506 nobilis
389 2446 502 2506 Roletus
515 2444 550 2505 de
569 2444 795 2520 intermontibus,
813 2445 931 2506 condam
944 2457 1027 2525 pater
1053 2444 1120 2507 dicti
1145 2452 1203 2506 Dru·

134 2541 202 2616 neti,
214 2542 351 2604 habuitex
363 2562 447 2604 causa
462 2542 671 2621 permutationis
684 2562 700 2602 a
721 2541 799 2602 dom⁰
813 2549 825 2602 J
829 2541 937 2603 ohanne
952 2541 1088 2623 dalphino
1102 2542 1201 2604 condan

134 2636 208 2699 bone
224 2640 367 2714 memorie,
392 2639 517 2719 genitore
539 2638 605 2700 dicti
627 2639 704 2700 dom.
723 2637 860 2700 Hunberti
882 2638 1016 2718 delphini,
1044 2656 1201 2720 quecumque

135 2733 189 2793 sint
199 2748 226 2795 et
241 2734 407 2815 ubicumque
423 2756 439 2795 a
454 2736 515 2797 rivo
529 2735 564 2796 de
577 2736 646 2818 Aloy
656 2735 769 2797 inferius
778 2756 865 2817 usque
872 2737 907 2797 ad
915 2737 1005 2797 rivum
1015 2738 1053 2800 de
1061 2745 1202 2820 Bruyssont

134 2841 271 2909 crusque
300 2831 335 2891 ad
364 2831 455 2892 locum
478 2851 565 2911 usque
590 2833 625 2893 ad
654 2851 736 2913 quem
763 2832 988 2894 mandamentum
1011 2834 1155 2915 antiquum
1179 2831 1202 2890 de

134 2927 264 2987 Terracia
278 2926 369 3003 durat,
386 2947 437 3007 pro
451 2928 551 3007 quibus
569 2927 716 2990 confitetur
742 2948 772 2990 se
798 2948 859 2990 esse
874 2928 1013 2990 hominem
1038 2929 1134 3010 ligium
1150 2923 1201 2989 dicti

134 3021 210 3083 dom.
223 3022 356 3103 dalphini,
370 3024 444 3104 quod
466 3024 623 3110 homagium
646 3024 740 3105 ligium
755 3024 856 3086 ibidem
884 3039 912 3087 et
933 3025 1119 3088 incontinenti
1144 3025 1201 3086 iden

136 3125 275 3181 Dronetus
289 3120 354 3182 fecit
367 3135 395 3182 et
410 3121 528 3201 prestitit
542 3121 616 3182 dicto
632 3121 708 3182 dom.
725 3122 855 3202 dalphino
873 3133 893 3183 ¹.

174 3217 242 3295 642.
264 3223 343 3292 ltem,
360 3217 446 3298 quod.
463 3218 499 3278 al.
517 3217 727 3280 instrumentum
743 3219 786 3299 (ut
798 3218 883 3299 629),
896 3217 1044 3280 continens
1059 3219 1200 3299 homagium

132 3314 227 3395 ligium
249 3313 284 3376 de
303 3334 421 3395 persona
438 3315 582 3394 prestitum
601 3315 636 3375 ill¹
654 3315 770 3396 principi
798 3316 876 3377 dom⁰
892 3329 989 3378 nostro
1012 3315 1042 3378 d.
1071 3316 1200 3378 Hunbertu

133 3412 190 3473 dito
208 3412 356 3474 Viennensi
372 3411 504 3493 dalphino
515 3412 727 3494 periohannem
744 3413 779 3474 de
795 3413 912 3491 Combe,
927 3413 1012 3474 hlium
1030 3413 1166 3476 Hunberti
1177 3409 1201 3470 de

135 3508 252 3584 Comba,
269 3523 297 3571 et
308 3509 496 3571 terminum...
564 3555 566 3559 a

173 3605 242 3682 643.
275 3613 353 3680 item,
382 3605 468 3686 quod
487 3606 524 3666 al.
549 3605 626 3685 publ.
657 3606 868 3668 instrumentum
899 3607 942 3688 (ut
969 3606 1057 3688 618),
1071 3605 1198 3670 continens

103 3729 106 3735 ·
133 3699 291 3781 homagium
316 3702 409 3781 ligium
436 3702 471 3763 de
485 3719 604 3783 persona
631 3703 774 3782 prestitum
798 3703 876 3766 dom⁰
897 3715 995 3765 nostro
1012 3703 1145 3785 daiphino
1164 3714 1199 3781 ptr

134 3798 311 3859 Lancelotum
327 3797 372 3859 del
389 3799 488 3860 Guiers
503 3798 891 3862 Triviarumetterminum...

172 3892 240 3972 644.
258 3901 337 3970 Item,
352 3896 436 3976 quod.
449 3897 486 3957 al.
499 3896 711 3959 instrumentum
726 3897 769 3978 (ut
793 3897 828 3974 63
838 3898 877 3978 r),
892 3896 1042 3959 continens
1058 3895 1194 3978 homagium

172 4041 192 4078 r.
213 4025 251 4078 En
269 4043 303 4080 m.
324 4023 446 4081 Videatur
464 4026 484 4081 si
500 4026 561 4081 inira
577 4024 638 4083 istos
653 4025 760 4082 confines
775 4026 822 4083 sita
836 4035 874 4082 est
895 4026 983 4083 domus
997 4023 1094 4085 Montis
1108 4018 1191 4087 nttodh

132 4095 295 4167 respondetur
310 4096 377 4168 quod
392 4114 451 4151 non.
939 4131 944 4141 ·
