2716 4784
485 368 685 468 ἕης-

105 516 190 596 1446.
209 523 289 592 Item,
308 517 393 597 quod.
411 519 446 579 al.
463 518 539 598 publ.
565 518 774 580 instrumentum
790 517 945 579 coniectum
959 530 987 579 et
1000 517 1138 598 signatum

58 635 143 676 manu
155 623 239 675 Fran.
258 615 293 676 de
310 623 404 677 Monte
418 624 486 678 loco
502 615 600 677 notarii
616 616 692 697 publ.
708 615 760 678 sub
775 635 848 676 anno
861 616 1137 692 DiriM⁰CCC⁰XXl⁰,

60 713 105 774 die
120 724 199 776 xx1x³
215 710 317 775 mensis
330 713 404 789 maii,
420 712 565 775 continens
579 713 653 793 quod
669 713 745 773 dom.
758 712 842 773 irater
857 713 1012 792 Stephanus
1023 712 1058 774 de
1069 713 1140 774 Cha-

59 811 180 887 velluco‚
208 826 356 892 preceptor
369 810 515 872 domorum
530 811 565 871 de
579 817 705 891 Aureyca
721 821 749 870 et
766 808 858 870 Sancti
879 809 1014 885 Mauricii,
1035 809 1140 873 ordinis

60 911 155 970 Sancti
167 908 298 971 lobannis
315 908 496 981 iherusalem,
509 907 672 988 recognovit
685 925 714 967 se
728 918 824 967 tenere
838 905 866 968 in
880 905 992 968 feudum
1002 906 1138 985 francum,

60 1007 185 1087 antiqum
202 1020 230 1068 et
239 1007 404 1068 honoratum
419 1005 531 1067 domurn
546 1025 594 1066 seu
609 1003 745 1067 bastidam
763 1003 855 1065 Sancti
866 1003 989 1066 Mauricii
1003 1024 1065 1067 curn
1080 1020 1140 1069 toto
1223 1059 1226 1065 .

59 1119 222 1176 tenemento
236 1119 264 1167 et
275 1105 414 1166 territorio
424 1103 559 1183 ejusdem,
574 1122 653 1164 mero
668 1102 788 1164 etmixto
799 1102 916 1182 imperio
928 1115 956 1164 et
966 1103 1141 1182 juridictione

60 1203 235 1279 omnimoda,
252 1215 280 1264 et
291 1202 372 1264 etiam
389 1200 528 1264 territoria
542 1200 578 1262 de
595 1200 720 1262 Bocheto
736 1199 813 1263 etde
831 1206 936 1281 Frays:
959 1221 1013 1281 que
1029 1201 1141 1282 quidem

60 1300 212 1377 territoria,
228 1313 387 1382 tenementa
400 1313 429 1360 et
442 1298 550 1360 basrido
563 1298 774 1360 confrontantur
787 1316 850 1359 curn
863 1296 1007 1360 territoriis
1017 1299 1139 1376 Avisani,

61 1399 199 1476 Tuellete,
219 1398 254 1461 de
268 1398 421 1460 Vinsobriis
438 1412 465 1460 et
482 1397 601 1479 ripperia
617 1398 723 1459 Ycaris.

109 1515 193 1576 1447.
207 1504 286 1573 ltem,
302 1496 388 1577 quod.
404 1496 440 1558 al.
458 1495 534 1576 publ.
547 1496 758 1558 instrumentum
773 1495 929 1558 confectum
944 1515 1026 1557 manu
1041 1495 1144 1557 Girau-

62 1597 92 1658 di
105 1597 140 1659 de
154 1597 271 1659 Lavario
283 1597 382 1658 notarii
398 1597 475 1678 publ.
494 1597 545 1659 sub
562 1615 636 1658 anno
662 1595 716 1657 Diri
732 1600 971 1669 M⁰cec⁰xvl11⁰,
998 1594 1043 1656 die
1064 1613 1141 1656 xxuu

63 1694 166 1756 mensis
191 1694 297 1771 marcii,
316 1714 400 1775 super
420 1694 506 1776 quod.
535 1714 668 1775 processu
695 1693 768 1754 lacto
789 1708 885 1756 contra
901 1695 1084 1756 Bertrandum
1108 1695 1144 1757 dc

64 1798 235 1875 Novaysano
263 1792 298 1854 de
322 1799 421 1867 Turre,
441 1793 486 1873 qui
503 1792 647 1854 dicebatur
662 1793 860 1872 recognovisse
882 1814 898 1854 a
920 1793 1033 1853 domino
1047 1806 1144 1855 nostro

63 1909 137 1971 papa
145 1889 274 1970 quicquid
286 1889 407 1951 habebat
422 1889 450 1951 in
465 1902 556 1951 castro
572 1902 600 1965 et
609 1888 749 1950 territorio
766 1888 801 1950 de
815 1895 1000 1972 Novaysan03
1017 1889 1063 1970 qui
1080 1889 1145 1971 qui-

64 1986 128 2049 dem
145 1986 315 2048 Bertrandus
330 1987 396 2049 dict.
413 1986 632 2067 recognitionem
647 2005 677 2047 se
698 1985 796 2048 secisse
814 1986 937 2066 ne‘gavit,
955 1985 1050 2048 dicens
1068 1985 1143 2067 quod

63 2098 175 2165 poterat
188 2104 248 2145 esse
262 2084 338 2165 quod
356 2084 466 2166 quidam
477 2085 557 2162 alter,
574 2085 620 2166 qui
633 2083 786 2146 vocabatur
801 2082 970 2146 Bertrandus
980 2082 1016 2144 de
1029 2088 1146 2164 Navay-

64 2204 145 2260 sano,
157 2182 229 2244 lilius
239 2183 375 2245 Guillelmi
389 2183 425 2245 de
441 2190 620 2265 Navaysano‚
637 2183 703 2245 dict.
721 2182 940 2264 recognitionem
955 2181 1080 2259 lecerat3
1097 2178 1146 2261 qui

66 2281 238 2343 Bertrandus
260 2293 376 2342 vocatus
396 2280 519 2342 incuria
543 2279 692 2360 dalphinali
716 2280 784 2341 dixit
808 2293 836 2341 et
855 2279 998 2341 confessus
1014 2277 1064 2339 fuit
1076 2277 1142 2371 dict.

65 2378 284 2459 recognitionem
311 2377 421 2454 fecisse,
451 2390 479 2439 et
503 2376 575 2438 irter
597 2390 689 2439 cetera
708 2377 820 2439 fuerunt
838 2376 973 2456 producta
993 2375 1049 2436 duo
1064 2365 1142 2454 publ.

64 2474 247 2536 instrumenta
263 2474 366 2535 inserta
378 2474 406 2534 in
420 2473 494 2535 dicto
508 2473 616 2535 instr‘:
635 2473 694 2554 ipse
709 2493 778 2534 vero
791 2471 962 2535 Bertrandus
981 2471 1016 2534 de
1032 2477 1146 2555 Novay-

10 2607 12 2612 η
65 2592 135 2634 sano
149 2572 185 2633 de
200 2578 288 2633 Turre
303 2570 466 2651 recognovit
479 2591 509 2632 se
524 2584 620 2632 tenere
640 2583 669 2632 et
688 2569 902 2651 predecessores
917 2586 983 2631 suos
996 2568 1144 2632 tenuissea

65 2669 180 2731 domino
197 2668 299 2730 Montis
308 2667 404 2730 Albani
420 2667 511 2730 omnia
525 2681 552 2729 et
563 2667 670 2749 singula
684 2687 738 2749 que
748 2667 891 2731 habebat
883 2686 911 2730 m
926 2667 1001 2730 dicto
1016 2680 1108 2729 castro
1117 2678 1146 2743 et

63 2765 204 2829 territorio
220 2765 390 2847 Novaysani.
858 2781 862 2789 ·

107 2901 182 2973 1448.
198 2901 268 2973 Item,
284 2899 361 2972 quod.
377 2900 447 2974 publ.
464 2899 803 2976 instrumentumconlectum
818 2916 891 2955 uranu
914 2897 1056 2972 Raymundi
1069 2899 1145 2956 Orto

66 2987 128 3062 lani,
144 2988 190 3044 sub
204 3006 268 3044 anno
283 2987 364 3058 Driice
385 2987 515 3055 (Nativit.)
530 2988 723 3060 arcentur,
740 2987 779 3045 die
792 2990 815 3044 la
829 2986 916 3044 mensis
931 2986 1052 3060 octobris,
1068 2987 1146 3045 conti·

65 3093 128 3132 nens
143 3076 208 3149 quod
224 3074 311 3132 nobilis
324 3073 494 3142 Fran(ciscus)
510 3075 632 3148 Arnaudi‚
648 3074 712 3132 filius
725 3073 813 3131 nobilis
829 3075 898 3131 Petri
913 3074 1025 3147 Arnaudi
1039 3074 1069 3130 de
1083 3074 1145 3129 Var-

66 3166 162 3236 reacio,
178 3165 302 3222 confessus
316 3165 362 3221 luit
375 3183 402 3221 se
428 3175 511 3221 tenere
525 3183 539 3220 a
553 3165 622 3221 dom·
637 3173 724 3222 nostro
746 3163 864 3239 dalphino
877 3162 991 3236 servicia,
1001 3163 1108 3221 tascbias
1122 3170 1147 3218 et

65 3254 116 3310 alia
135 3253 241 3310 dominia
264 3271 312 3328 que
335 3255 410 3310 habet
436 3253 460 3309 in
484 3252 611 3309 territorio
626 3252 719 3310 Montis
738 3251 849 3309 Brisoois
864 3251 977 3309 cornuria
998 3269 1053 3307 cum
1068 3252 1146 3307 Petro

66 3343 175 3415 Aytardi
190 3349 215 3398 et
229 3341 311 3415 plures
326 3340 386 3397 alios
401 3359 487 3396 census
501 3352 526 3398 et
540 3340 647 3397 dominia
671 3359 719 3416 que
733 3341 807 3396 babet
822 3339 885 3396 inter
901 3350 978 3396 metas
993 3336 1108 3395 Varriaci
1122 3346 1147 3394 et

66 3429 163 3486 Montis
177 3427 298 3501 Brisonis,
314 3439 339 3485 et
354 3427 466 3502 quitquid
485 3438 569 3485 tenent
583 3427 750 3485 tenementarii
765 3445 807 3483 seu
831 3425 931 3483 facherii
947 3425 968 3481 in
985 3425 1062 3499 quod.
1081 3433 1146 3480 tene·

65 3528 152 3575 mento
175 3518 262 3574 ibibem
279 3517 390 3591 situato,
414 3519 481 3592 quod
505 3519 678 3575 conlrontatur
703 3535 758 3573 curn
777 3515 867 3571 itinere.
880 3514 979 3590 publico
999 3532 1049 3588 quo
1068 3512 1147 3568 itura

63 3609 151 3662 Ponte
163 3606 259 3665 Oiardo
273 3624 358 3663 versus
372 3605 539 3679 Verriacium,
555 3605 612 3662 item
627 3614 741 3701 quartam
755 3613 851 3678 partem
874 3600 1036 3675 juridictionis
1060 3601 1109 3657 alte
1122 3609 1148 3659 et

65 3697 140 3751 basse
163 3705 188 3750 et
203 3694 261 3751 meri
280 3705 304 3751 et
328 3693 396 3750 mixti
411 3693 505 3769 imperit
500 3695 610 3768 quotd)
632 3691 736 3750 habet
729 3711 753 3747 rn
778 3689 908 3747 territoriis
929 3685 1099 3762 Mantigniacii
1123 3697 1148 3745 et

64 3781 190 3856 Lug'nari‚
214 3801 262 3857 que
285 3782 410 3840 territoria
434 3779 623 3840 conlrontantur
644 3801 698 3838 cum
723 3779 867 3836 territoriis
873 3773 986 3835 Varriaci
1010 3786 1035 3833 et
1052 3774 1148 3833 Montis

64 3872 190 3940 Brisonis,
206 3882 231 3928 et
245 3872 301 3929 inde
315 3873 388 3928 debet
402 3872 493 3928 servire
507 3890 553 3946 pro
567 3871 635 3927 dicta
649 3867 804 3944 juridictione
826 3878 851 3924 et
864 3868 943 3923 lacere
956 3867 1001 3922 XII
1016 3866 1101 3923 denar.
1118 3864 1149 3923 d'e

62 3960 172 4020 servicio
195 3962 263 4017 dom·
288 3971 374 4016 nostro
389 3960 506 4034 dalphino
520 3971 546 4016 et
560 3970 657 4016 tenetur
671 3960 748 4015 eidem
764 3957 794 4014 ad
810 3965 990 4014 sacramentum
1005 3953 1147 4026 fidelitatis3

64 4048 227 4107 continentur
249 4048 326 4104 eciam
349 4047 372 4103 in
396 4047 464 4104 dicto
479 4047 561 4103 instrto
583 4047 690 4105 clausule
714 4043 890 4120 recognicionis
911 4045 976 4100 lacte
995 4061 1039 4118 per
1053 4053 1148 4117 patrem

62 4137 129 4196 dicti
149 4138 225 4192 Fran.
511 4186 516 4217 ἱ
