2716 4784
475 1036 865 1128 nuorsunum
924 1164 927 1169 Ι

179 1386 533 1447 INSTRUMENTORUM
561 1393 607 1447 ET
634 1391 1164 1484 LITTERARUMUALPHINATUS

252 1538 497 1597 TANGENCIUM
525 1543 761 1600 BALLIVATUM
788 1541 1100 1598 GREYSIVODAN11.

138 2703 259 2853 phanum
274 2773 309 2834 de
327 2772 418 2847 Rufio,
434 2771 546 2832 militem
563 2783 591 2833 et
600 2771 692 2852 legum
707 2771 850 2834 doctorem
863 2771 1042 2853 judicemque
1058 2773 1194 2854 majore(n
1175 2770 1204 2852 n)

139 2885 254 2965 hospicii
274 2883 436 2966 dalphinaiis
453 2899 480 2946 et
498 2884 587 2946 tocius
609 2884 800 2965 Dalphinatus,
820 2899 848 2947 et
869 2885 1066 2968 Reymundum
1091 2885 1205 2948 Faiavelli

137 3001 334 3081 jurisperitum,
359 2999 530 3061 consiliarios
550 2999 722 3080 dalphinaies
744 3000 1004 3081 commissariosque
1031 3000 1061 3063 in
1076 3001 1129 3063 hac
1142 3013 1205 3082 parte

76 3114 81 3123 ’
138 3113 294 3194 specialiter
308 3113 455 3192 deputatos
478 3133 495 3172 a
515 3113 670 3174 reverendo
689 3113 718 3174 in
739 3114 837 3194 xpisto
859 3127 937 3194 patre
958 3126 986 3175 et
1008 3113 1127 3176 domino
1141 3113 1202 3175 dom.

140 3228 261 3290 Henrico
277 3227 312 3289 de
326 3227 444 3303 Vilariis,
463 3227 513 3288 Dei
532 3227 623 3308 gracia
640 3228 851 3310 archiepiscopo
874 3241 902 3289 et
920 3227 1023 3290 comite
1042 3223 1205 3311 Lugdunensi

138 3360 166 3407 et
182 3346 387 3408 locumtenente
409 3342 512 3404 domini
536 3342 623 3404 nostri
647 3343 769 3423 delphini
791 3341 927 3422 predicti,
950 3341 986 3403 de
1011 3342 1143 3407 omnibus
1158 3340 1207 3403 uni-

37 3444 41 3457 ’
138 3462 226 3524 versis
243 3473 271 3525 et
289 3458 403 3538 singulis
418 3457 618 3534 instrumentis,
637 3457 789 3538 privilegiis
807 3472 836 3521 et
849 3457 908 3520 aliis
928 3456 1109 3520 documentis
1122 3454 1208 3539 bayili·

137 3576 228 3637 viatus
243 3571 456 3655 Greysivodani,
481 3572 597 3650 repertis
620 3571 648 3633 in
673 3571 795 3634 scofiinis
816 3571 998 3634 existentibus
1013 3571 1042 3633 in
1057 3569 1209 3635 revestiario

140 3689 232 3751 Sancti
247 3689 367 3764 andree,
390 3686 568 3768 tangentibus
586 3687 688 3750 factum
706 3687 810 3750 domini
832 3688 919 3751 nostri
937 3687 1063 3768 delphini
1085 3689 1212 3753 viennen

139 3805 195 3879 sis,
227 3784 333 3866 vocaris
357 3822 419 3865 cum
435 3801 538 3864 eisdem
561 3801 680 3867 dominis
704 3802 829 3865 iohanne
848 3801 971 3867 saboudi
991 3802 1030 3866 dc
1051 3810 1152 3867 Monte
1163 3809 1214 3869 ‚Bo

137 3917 224 3992 nodo,
242 3917 395 3978 Andevono
417 3915 452 3977 de
475 3922 613 3998 Aureyca,
640 3917 786 3979 Guillelmo
806 3917 840 3979 de
862 3917 941 3979 Rufio
965 3930 993 3978 et
1017 3917 1168 3982 Guiilelmo
1185 3917 1216 3978 de

16 4096 27 4112 N
139 4039 225 4095 Portu
244 4033 367 4095 notariis.

177 4260 198 4296 ι.
214 4239 304 4296 enter
319 4242 351 4312 Β,
366 4240 391 4296 ff.
409 4241 415 4313 j
430 4244 444 4297 u
460 4242 497 4298 ev
512 4253 537 4298 er
552 4244 614 4299 vixx
628 4243 661 4317 xij
675 4208 762 4320 idun.
