2716 4784
608 444 742 485 ..2-

141 560 271 640 principis
281 567 407 642 Aurayce
417 574 446 622 et
461 560 520 638 ejus
534 559 638 633 uxoris,
653 558 718 618 item
729 557 846 636 quedam
858 557 1038 619 instrumenta
1049 561 1210 638 superfacto

141 673 214 734 dom¹
233 673 407 754 H(umberti)
429 670 550 752 dalphini
572 670 691 733 condam
716 683 743 731 et
757 669 835 731 ducis
860 670 1019 750 Burgondie
1045 691 1131 752 super
1145 691 1210 734 con·

140 785 234 846 cordia
250 785 404 847 lactainter
417 804 466 852 eos
487 803 569 864 super
580 797 654 845 terra
671 784 706 844 de
724 790 876 844 Revermos
904 797 932 845 et
946 803 1029 863 super
1053 785 1115 863 iure
1140 784 1209 865 quod

140 897 250 960 dicebat
264 917 294 959 se
308 897 411 958 habere
431 897 459 957 in
491 896 681 976 Delphinatu3
710 895 775 958 item
803 896 1014 958 instrumentum
1044 898 1150 960 domini
1176 898 1207 959 de

141 1011 301 1073 chambone
315 1030 398 1092 super
408 1010 537 1090 homagio
550 1009 636 1090 ipsius
653 1029 704 1090 pro
719 1023 792 1071 terra
820 1009 856 1070 de
869 1009 1008 1084 Alternia,
1040 1023 1068 1073 et
1096 1012 1208 1092 quedam

140 1125 192 1188 alia
203 1126 384 1189 instrumenta
398 1138 426 1187 et
439 1125 528 1189 littere
553 1138 636 1204 prout
656 1124 764 1204 plenius
792 1124 820 1185 in
835 1125 956 1204 presenti
970 1125 1092 1206 registro
1107 1126 1208 1190 descri-

141 1240 255 1303 buntur.

180 1407 319 1468 nnomine
349 1407 469 1483 Domini,
485 1425 576 1469 amen.
593 1414 672 1468 Anno
688 1406 845 1468 Natiuitatis
859 1406 981 1484 eiusdem
997 1406 1144 1471 millesimo
1160 1423 1208 1472 ter·

151 1436 331 1565 leenresimo
371 1504 583 1584 quadragesimo
627 1516 725 1577 sexto,
760 1503 805 1563 die
841 1502 948 1563 decima
982 1504 1086 1565 mensis
1120 1506 1207 1581 madii,

140 1599 191 1661 luit
203 1599 342 1679 inceptum
356 1619 470 1680 presens
488 1599 634 1680 registrum
659 1599 694 1660 de
711 1598 838 1660 omnibus
861 1612 889 1660 et
914 1599 1028 1679 singulis
1050 1601 1207 1682 privilegiis,

140 1695 329 1759 instrumentis
343 1695 484 1759 etlicteris
498 1696 645 1776 dequibus
667 1696 776 1758 mencio
803 1714 885 1775 supra
900 1695 1027 1772 habetur,
1051 1698 1132 1760 etde
1156 1697 1210 1779 qui

142 1791 259 1855 busdam
271 1793 330 1855 aliis
340 1792 456 1874 repertis
465 1793 493 1854 in
504 1792 668 1874 quibusdam
682 1791 792 1854 scofinis
803 1792 830 1853 in
841 1792 991 1854 revesterio
1001 1793 1097 1855 Sancti
1107 1794 1211 1856 andree

142 1890 351 1971 Gracionopolis
361 1889 585 1965 consistentibus,
599 1909 650 1971 per
659 1890 766 1952 nobiles
775 1904 802 1952 et
814 1890 1030 1971 circumspectos
1036 1889 1208 1954 virosddom.

142 1987 311 2067 Stephanum
332 1986 367 2048 de
389 1987 469 2047 Rullo
486 1986 609 2060 militem,
636 1987 727 2067 legum
753 1986 907 2061 doctorem,
935 1985 1053 2064 judicem
1083 1985 1209 2064 majorem

142 2083 257 2163 hospicii
278 2082 440 2163 dalphinalis
457 2096 485 2145 et
497 2084 587 2145 tocius
611 2083 802 2163 Dalphinatus,
823 2097 851 2145 et
878 2083 1061 2144 Raimundum
1086 2081 1209 2145 Falavelli

142 2181 340 2261 jurisperitum,
352 2180 523 2243 consiliarios
533 2181 713 2261 dalphinales,
725 2181 902 2242 comissarios
911 2181 939 2243 in
947 2181 998 2242 hac
1010 2195 1092 2262 parte
1108 2202 1123 2242 a
1140 2198 1211 2242 reve·

142 2276 230 2338 nendo
247 2277 275 2339 in
292 2277 390 2357 llpisto
407 2291 485 2358 patre
500 2278 580 2339 dom⁰
597 2277 717 2339 Henrico
737 2277 773 2338 de
789 2277 907 2352 Vilariis,
927 2278 978 2339 Dei
997 2278 1087 2358 gratia
1108 2277 1210 2341 archie-

141 2373 257 2454 piscopo
283 2387 310 2435 et
339 2375 439 2437 comite
464 2375 641 2454 lugdunensi
675 2374 821 2454 lucumque
850 2387 961 2436 tenente
991 2374 1098 2436 domini
1130 2372 1209 2438 nostri

146 2469 320 2552 rtrumberti)
334 2470 454 2551 dalphini
470 2470 644 2532 Viennensis.

177 2583 244 2638 Nota
265 2582 331 2655 quod
352 2581 443 2638 domini
465 2581 575 2639 canonici
597 2583 682 2638 Sancti
704 2583 801 2638 Andree
822 2583 1009 2657 Gracionopolis
1028 2585 1118 2640 debent
1135 2585 1207 2640 adhuc

143 2673 232 2728 habere
245 2671 325 2736 omnia
340 2671 386 2727 ista
401 2672 548 2727 documenta
563 2680 638 2744 prout
652 2688 727 2744 supra
743 2681 854 2727 notatur.
942 2709 949 2725 .

183 2775 1203 2859 lnprimisreperiturindictisprivilegiisimperatorumconcessorum(leg.

142 2871 220 2951 c-sis)
235 2870 348 2932 domino
362 2884 458 2933 nostro
473 2872 604 2952 dalphino
619 2886 646 2934 et
660 2873 719 2951 ejus
734 2873 988 2952 predecessoribus,
1001 2874 1143 2954 quoddam
1158 2871 1208 2953 pri·

141 2966 270 3046 vilegium
284 2986 446 3030 concessum
463 2968 567 3029 dudum
582 2969 659 3030 dom⁰
684 2968 802 3048 Guigoni
819 2969 948 3049 dalphino
961 2989 1011 3050 per
1037 2971 1206 3032 Fredericum

142 3069 328 3124 Romanorum
342 3064 536 3144 imperatorem
551 3083 584 3127 ac
597 3064 766 3126 iherusalem
781 3078 809 3126 et
827 3065 927 3126 Cecilie
942 3085 1048 3146 regem,
1067 3066 1120 3128 sub
1141 3081 1205 3129 annu
1251 3082 1253 3097 ¹

74 3193 77 3197 >
144 3159 285 3221 Dominice
304 3161 558 3223 incarnationismo
574 3167 631 3222 CC⁰
646 3167 772 3236 XLV110,
794 3180 889 3223 mense
916 3161 984 3240 julii,
1006 3162 1102 3242 quinte
1125 3162 1206 3223 indic-

139 3255 232 3331 tionis,
249 3257 380 3318 bullatum
395 3258 556 3338 inpendenti
572 3258 729 3340 (in)cerico
743 3258 831 3320 rubeo
847 3258 918 3320 bulla
935 3277 1018 3320 aurea
1028 3259 1116 3340 ipsius
1128 3260 1206 3338 impe

138 3353 249 3428 ratoris,
268 3353 412 3414 continens
422 3353 496 3433 quod
507 3353 597 3415 dictus
611 3354 687 3415 dom.
701 3353 852 3434 imperator
864 3353 1037 3416 confirmavit
1051 3355 1127 3417 dicto
1136 3356 1203 3415 dom.

112 3512 114 3515 .
140 3448 269 3529 dalphino
299 3449 446 3510 comitatus
475 3449 630 3529 Vapincesii
668 3463 696 3511 et
731 3451 913 3512 Ebredunesii
950 3451 1131 3532 a(c)quisitos
1164 3467 1208 3531 per

138 3545 241 3607 dictum
258 3545 334 3607 dom.
353 3546 512 3626 dalphinum
526 3546 605 3607 titulo
622 3547 779 3626 emptionis,
795 3567 827 3609 ac
842 3547 893 3608 alia
904 3547 978 3609 bona
992 3567 1047 3628 que
1061 3549 1208 3611 tenebatet

90 3664 95 3673 ·
137 3639 297 3721 possidebat
310 3641 383 3703 idem
399 3641 622 3722 dalphinusjusto
635 3643 726 3718 titulo,
739 3657 767 3705 et
773 3644 863 3705 eidem
878 3644 1009 3724 dalphino
1023 3658 1051 3706 et
1062 3644 1209 3708 heredibus

137 3738 193 3799 suis
203 3737 277 3798 idem
292 3737 368 3799 dom.
384 3738 533 3819 imperator
553 3741 690 3802 concessit
705 3739 794 3801 alodia
809 3740 911 3821 ubique
924 3741 953 3802 in
979 3739 1059 3804 dictis
1074 3741 1209 3806 comitati·

137 3835 189 3896 bus
203 3836 357 3915 vapincesii
374 3850 401 3898 et
419 3837 610 3912 Ebredunesii,
629 3852 657 3900 et
673 3837 754 3899 etiam
775 3838 802 3899 in
822 3838 997 3900 comitatibus
1023 3839 1166 3902 Viennesii
1187 3851 1213 3902 et
1250 3822 1253 3873 l

137 3928 250 3992 Albonis
264 3951 296 3993 ac
311 3932 530 4013 Gracionopolis,
545 3935 583 3995 ita
597 3933 672 4015 quod
686 3934 824 4014 predictos
839 3934 986 3996 comitatus
1002 3948 1031 3996 et
1044 3935 1140 4000 alodia
1155 3956 1213 4018 pre·

137 4025 209 4089 dicta
225 4041 333 4090 teneret
355 4028 390 4090 ab
416 4029 476 4109 ipso
499 4030 666 4109 imperatore
691 4044 720 4092 et
735 4025 965 4110 ¹recognosceret
992 4049 1022 4091 se
1051 4045 1154 4096 tenere
1182 4034 1213 4097 ab

137 4121 247 4185 eodem.
