2716 4784
57 557 205 607 tractatum
219 543 342 606 habitum
352 545 424 606 inter
440 544 516 606 dour.
538 543 721 606 Humbertum
734 545 893 624 dalphinum
905 545 1088 607 Viennensem
1100 565 1135 608 en

58 654 210 721 unaparte
228 639 343 702 etdonn
360 647 509 721 bymarum
531 641 566 702 de
582 640 717 716 Pictavia,
733 641 861 703 comitem
887 641 1073 716 Valentinum,
1100 660 1137 704 en

58 739 157 813 altera,
168 756 253 817 super
263 751 407 800 contractu
422 737 587 799 matrimonii
605 738 686 799 unius
698 736 816 799 filiarum
830 737 896 799 dicti
921 738 997 800 dom.
1014 738 1136 818 dalphini

58 848 87 896 et
102 834 186 896 unius
195 833 313 896 liliorum
327 833 393 895 dicti
406 834 482 896 dom.
498 833 620 917 Aymari.

101 918 168 1009 383'.
187 939 266 1006 Item,
282 930 367 1012 qued.
396 930 475 993 litera
496 930 585 1011 sigillo
601 930 674 992 dom¹
688 930 800 1012 Aymari
827 930 862 991 de
880 929 1004 992 Pictavia
1019 930 1049 991 in
1064 948 1136 1010 pen-

59 1029 135 1091 denti
150 1027 279 1109 sigillata,
295 1027 398 1108 scripta
417 1028 469 1090 sub
492 1048 565 1090 anno
583 1028 636 1089 Diri
658 1034 941 1101 Mocconxxxv110,
969 1026 1014 1088 die
1041 1029 1136 1090 martis

59 1137 123 1205 post
135 1124 237 1187 festum
250 1123 408 1187 Natiuitatis
420 1124 530 1187 Domini
552 1143 647 1186 mense
675 1124 828 1200 decembri,
850 1125 995 1187 continens
1015 1125 1136 1204 promis·
1212 1144 1214 1153 ¹

58 1221 165 1283 sionem
182 1221 283 1283 factam
302 1240 353 1302 per
376 1221 479 1290 dictum
505 1221 581 1283 dom.
609 1228 757 1306 bymarum
773 1223 849 1284 dom⁰
873 1229 951 1298 Anne
965 1222 1094 1302 delphine
1108 1235 1136 1284 et

59 1318 139 1379 dom⁰
155 1318 309 1380 Humberto
322 1319 382 1396 ejus
395 1318 506 1393 marito,
525 1318 561 1380 de
575 1318 719 1381 reddendo
734 1334 762 1382 et
779 1320 923 1400 quittando
938 1320 1135 1400 obligationem

58 1415 149 1476 eidem
159 1415 236 1476 dom.
253 1422 373 1496 Aymaro
386 1434 436 1495 per
445 1414 536 1477 dictos
552 1415 713 1478 dominosin
724 1416 866 1478 dominum
882 1417 982 1478 iactam
998 1416 1033 1478 de
1043 1430 1135 1480 castro

58 1513 93 1574 de
109 1513 245 1588 Cabeolo,
258 1514 333 1594 quod
347 1513 399 1575 sibi
412 1513 603 1594 obligaverant
619 1533 670 1594 pro
687 1517 735 1574 {1¹¹¹
747 1514 973 1576 librisl'uronen.
985 1534 1135 1595 parvorum

58 1625 86 1673 et
99 1630 152 1691 pro
161 1611 290 1692 expensis
302 1625 329 1674 et
343 1611 476 1673 interesse
487 1611 706 1673 indesustentis.

102 1707 169 1785 384.
187 1715 266 1782 ltem,
281 1708 365 1788 qued.
378 1708 455 1771 litera
463 1708 551 1789 sigillo
561 1708 634 1769 dom*
646 1708 758 1790 Aymari
773 1707 808 1770 de
819 1708 943 1770 Pictavia
955 1707 984 1770 in
1004 1708 1135 1789 pendenti

58 1803 188 1884 sigillata,
210 1803 317 1887 scripta·
326 1804 378 1865 sub
393 1824 467 1865 anno
493 1804 547 1865 Diri
562 1810 825 1873 Metrctxxxtttn,
856 1804 901 1866 die
929 1805 1056 1867 mercurii
1072 1820 1136 1886 post

56 1900 158 1961 festum
176 1899 251 1962 beati
259 1901 406 1977 vincentii,
422 1901 567 1963 continens
579 1901 654 1982 quod
665 1900 902 1962 domlldemarus
914 1900 1055 1981 predictus
1069 1921 1137 1965 con·

56 1995 149 2058 fessus
163 1997 215 2059 luit
226 2016 256 2059 se
269 2010 366 2059 tenere
381 1998 524 2060 baroniam
543 2012 572 2060 et
592 1998 705 2060 feudum
721 1997 836 2060 baronie
863 2011 937 2060 terre
964 1984 1079 2060 Clariaci
1107 2015 1136 2064 et

59 2094 148 2174 Rupis
168 2094 204 2156 de
223 2094 294 2177 Cluy
306 2108 402 2157 tenere
419 2096 582 2158 reddibilem
598 2116 615 2157 a
630 2095 707 2158 dom⁰
725 2085 868 2175 delphino,
884 2108 913 2158 et
930 2096 1132 2161 confessionem

58 2205 115 2253 etc.
130 2191 218 2271 ipsius
232 2192 308 2253 dom.
326 2192 455 2255 ademari
472 2193 508 2256 de
520 2194 650 2274 homagio
665 2193 730 2256 inde
744 2193 849 2255 debito.

103 2289 170 2368 385.
189 2295 268 2364 Item,
282 2289 368 2369 quod.
398 2289 518 2351 vidimus
541 2304 697 2352 emanatum
718 2290 754 2352 ab
772 2289 881 2352 officiali
910 2291 1132 2372 Graciooopolis‚

55 2384 214 2446 confectum
231 2405 314 2447 manu
329 2386 463 2448 lobannis
483 2386 644 2448 Amandrini
672 2400 700 2448 et
730 2385 917 2466 subscriptum
937 2399 965 2448 et
993 2387 1140 2468 signatum·

57 2481 186 2543 manibus
214 2482 361 2543 Raimundi
377 2482 467 2545 Villeti
481 2497 508 2546 et
527 2483 660 2546 lobannis
676 2482 805 2545 devallo
823 2482 995 2544 notariorum
1014 2483 1133 2563 public,

57 2579 110 2641 sub
124 2598 200 2640 anno
215 2579 330 2641 Nativir.
355 2581 408 2641 Drii
437 2588 737 2657 nt⁰111cxxxtllt⁰,n⁰
756 2580 866 2657 indict,
898 2580 943 2644 die
974 2593 1014 2641 ιν
1032 2583 1135 2647 mensis

56 2674 136 2752 junii,
153 2675 232 2753 cujus
247 2674 381 2756 originale
396 2676 519 2739 continet
535 2677 693 2757 homagium
717 2676 790 2738 dom¹
800 2675 911 2758 tymari
937 2676 972 2738 de
997 2677 1133 2754 uirum,

59 2771 171 2833 comitis
187 2771 335 2846 Valentini,
350 2773 496 2853 prestitum
505 2774 586 2836 dorn⁰¹
599 2773 728 2854 dalphino
743 2792 794 2852 pro
820 2773 916 2836 castris
929 2772 999 2834 infra
1015 2774 1134 2854 scriptis,

58 2868 145 2930 videl:
162 2888 213 2948 pro
224 2869 322 2931 castris
336 2870 437 2936 Montis
452 2870 536 2948 Clari,
552 2877 674 2946 verone,
690 2869 774 2934 Podiiv
791 2869 882 2946 Acuti,
902 2869 1092 2954 monosterii)
1108 2885 1135 2934 et

57 2965 165 3046 juribus
178 2965 351 3043 eorumdem,
363 2967 515 3030 secundum
526 2967 724 3031 continentiam
739 2979 769 3029 et
781 2967 898 3031 sormam
907 2966 936 3030 in
948 2966 1022 3030 dicto
1031 2967 1139 3030 instra-,2

58 3076 156 3126 mento
169 3061 309 3125 conlecto.
996 3079 1001 3089 ·

102 3159 169 3240 386.
189 3168 258 3223 ltem
275 3160 348 3223 illico
365 3174 504 3241 repertum
517 3160 569 3223 luit
581 3161 715 3242 originale
732 3180 818 3242 supra
835 3160 1019 3241 designatum,
1045 3160 1140 3240 scrip·-

57 3270 117 3319 tum
134 3255 233 3338 rna(nu
246 3257 384 3338 Ai)monis
397 3258 520 3320 Ortolaui
536 3259 637 3322 notorii
647 3259 739 3339 publ,
755 3258 807 3321 sub
822 3277 897 3321 anno
912 3258 968 3320 Dr'ri
981 3263 1134 3320 M0CC⁰XC

58 3359 151 3427 tt1110,
173 3352 219 3416 die
234 3367 287 3415 uua
301 3354 476 3434 septembris,
495 3368 548 3416 xua
566 3355 677 3432 indict,
704 3354 857 3424 continens.
871 3354 899 3416 in
915 3353 1022 3418 ellectu
1047 3352 1139 3416 verba·

58 3469 113 3532 que
126 3451 257 3531 superius.
266 3452 392 3532 proxime
400 3466 575 3515 enarrantur.

103 3547 169 3624 387.
196 3554 274 3623 bem,
294 3549 379 3629 quod.
396 3549 536 3629 publicum
545 3549 757 3611 instrumentum
774 3548 905 3627 scriptum
919 3564 1002 3607 manu
1017 3546 1137 3608 bartho

57 3643 143 3706 lomei
171 3643 207 3705 de
234 3643 368 3721 Privatio,
398 3645 565 3708 vivariensis
592 3644 721 3720 diocesis,
750 3644 802 3706 sub
829 3661 903 3705 anno
925 3649 1062 3706 lncarnan
1081 3645 1136 3707 Dii

57 3746 189 3803 M⁰cce⁰
203 3746 291 3817 V1110,
307 3741 392 3804 videl.
407 3743 452 3804 die
462 3742 524 3804 festi
538 3742 566 3804 b¹
582 3740 733 3814 Laurentii,
747 3740 892 3803 continens
917 3739 1134 3819 recognitionem

54 3837 161 3900 factam
174 3836 255 3899 domo
264 3838 381 3900 lohanni
394 3838 524 3919 dalphlno
539 3837 687 3903 Viennensi
700 3827 755 3916 per
764 3836 840 3898 dom.
856 3842 1005 3917 nymamrn
1022 3835 1062 3900 de·
1073 3837 1135 3902 Pic-

54 3934 147 4010 tavia,
157 3933 205 4015 qui
213 3935 358 4013 confessus
367 3934 419 3997 luit
427 3954 457 3997 se
468 3932 675 3997 tenereadicto
683 3932 758 3994 dom.
768 3932 898 4014 dalphino
908 3932 936 3995 in
945 3932 1058 3995 feudum
1066 3946 1094 3996 et
1101 3934 1138 3999 de

52 4032 147 4098 feudo
158 4031 352 4112 ipsiusturrim
362 4032 513 4114 antiquam,
524 4032 612 4097 salam
624 4043 656 4095 et
665 4029 784 4112 burgum
799 4030 926 4095 cealtide
943 4032 1037 4107 Stella,
1052 4043 1136 4111 prout

49 4131 743 4214 mnatrumenunoecognicimunatmofaomm
755 4129 1136 4212 bonumamirmjmooou
