2716 4784
586 364 744 444 ..65-

121 493 268 556 restituere
282 493 318 554 ab
332 495 393 574 Ipso
405 512 517 556 carcere
536 493 663 571 liberato,
676 508 704 557 et
717 494 739 557 si
755 495 928 575 contingeret
934 495 1093 576 predictum
1119 495 1195 557 dom.

122 590 274 672 Sylvonem
291 591 319 651 in
341 589 415 653 dicto
431 610 543 653 carcere
559 591 630 653 mori
644 590 719 672 quod
736 591 803 653 dict.
821 605 941 655 castrum
954 592 1110 655 restitueret
1124 593 1199 654 dicto

121 688 199 751 dom.
219 688 350 769 dalphino
367 709 418 769 pro
434 689 556 751 dominio
569 710 631 767 suo,
644 704 727 770 prout
742 691 793 752 hec
811 704 838 752 et
850 691 935 754 multa
949 691 1003 752 alia
1021 691 1049 752 in
1063 691 1136 759 dicta
1153 690 1208 763 Iit-4

120 796 180 845 tera
194 783 382 859 continentur,
401 804 455 864 que
468 785 558 847 littera
572 787 675 866 scripta
691 787 742 849 fuit
752 807 826 850 anno
845 789 899 850 Dni
920 794 1099 851 II⁰II⁶LIIV⁰.

168 899 234 958 332.
260 889 327 942 Item
351 882 436 963 qued.
455 882 550 944 lietera
569 882 620 944 luit
636 897 745 963 reperta
760 883 877 965 sigillata
898 885 987 947 tribus
1003 884 1108 965 sigillis,
1126 883 1199 945 domi

121 977 259 1057 Guigonis
272 977 396 1058 dalphini
417 991 445 1040 et
465 979 538 1039 domi
559 979 671 1062 nymari
703 981 738 1041 de
762 981 886 1044 Pictavia
899 982 1007 1044 comitis
1022 980 1157 1043 Valentini
1173 994 1201 1042 et

122 1075 239 1155 Rogerii
250 1075 285 1137 de
300 1074 458 1157 Clayriaco,
477 1076 579 1156 scripta
602 1077 653 1139 sub
668 1077 771 1160 (anno)
788 1079 841 1141 uni
857 1086 1026 1155 II⁰II⁰LIIII,
1045 1079 1090 1140 die
1113 1077 1202 1141 domi·

120 1170 184 1233 nica
195 1185 260 1233 ante
277 1172 455 1235 Nativitatem
471 1174 551 1236 beate
572 1175 670 1250 Mane,
686 1175 831 1238 continens
854 1176 987 1258 quasdam
1002 1174 1201 1238 conventiones

121 1269 189 1332 dicti
204 1271 281 1331 dom.
296 1271 429 1351 Guigonis
444 1284 472 1333 et
488 1272 554 1334 dicti
572 1272 695 1353 Rogerii,
716 1273 787 1335 inter
803 1294 871 1354 quas
883 1275 954 1337 inter
967 1288 1059 1337 cetera
1073 1273 1202 1335 contine-

120 1379 168 1428 tur
182 1368 258 1447 quod
273 1368 396 1448 prefatus
413 1368 490 1430 dom.
515 1368 605 1448 Guigo
633 1369 752 1432 remissit
777 1390 873 1433 ornnes
890 1370 1003 1450 injurias
1031 1383 1059 1432 et
1081 1369 1201 1448 dampna

120 1463 188 1526 data
202 1465 264 1546 ipso
281 1465 357 1527 dom.
373 1465 504 1547 dalphino
519 1487 570 1547 per
588 1467 663 1547 ipsos
687 1467 763 1530 dom.
783 1469 933 1551 Sylvonem
947 1482 975 1531 et
997 1467 1158 1548 Rogerium,
1174 1480 1202 1529 et

119 1581 173 1642 pro
188 1562 264 1623 dicta
278 1563 440 1625 remissione
456 1563 530 1624 idem
546 1563 682 1644 Rogerius
697 1564 774 1627 dedit
789 1565 868 1626 dom⁰
884 1565 1015 1646 dalphino
1029 1578 1151 1628 castrum
1164 1565 1199 1626 de

123 1658 222 1720 Rocha
239 1659 344 1720 Blauna
359 1678 421 1720 cum
432 1660 561 1722 omnibus
574 1660 680 1739 juribus
695 1675 722 1722 et
737 1662 909 1742 pertinentiis
924 1663 992 1738 suis,
1007 1676 1036 1724 et
1062 1681 1201 1742 recogno-

120 1756 162 1817 vit
177 1756 213 1816 ab
231 1775 265 1817 eo
278 1769 373 1818 tenere
385 1756 412 1816 in
424 1757 537 1819 feudum
547 1771 667 1818 castrum
679 1757 714 1820 de
730 1759 880 1834 Mercurol,
892 1773 920 1822 et
936 1759 1021 1821 multa
1034 1759 1087 1821 alia
1096 1758 1199 1820 ibidem

120 1852 304 1914 continentur
318 1854 460 1933 tangentia
475 1853 576 1915 dietam
593 1873 701 1934 pacem.
792 1930 796 1938 η

167 1968 235 2027 333.
254 1957 333 2026 Item,
350 1949 463 2031 quamd.
479 1951 596 2012 litteram
611 1950 683 2012 dom¹
698 1951 832 2032 Guigonis
848 1952 981 2033 dalphini,
1005 1951 1134 2031 scriptam
1150 1948 1201 2010 sub

122 2067 198 2110 anno
214 2047 270 2109 oni
290 2054 461 2122 MellssLvlo,
480 2048 525 2110 die
538 2049 633 2109 martis
662 2060 727 2110 ante
754 2049 869 2111 Nativit.
892 2050 923 2111 be
943 2049 1041 2126 Marie,
1058 2047 1202 2111 continens

122 2145 199 2226 quod
214 2145 275 2224 ipse
288 2144 364 2206 dom.
388 2144 533 2224 dalphinns
558 2145 683 2225 promisit
700 2159 728 2207 et
752 2145 852 2224 juravit
878 2147 1009 2228 Aynardo
1031 2145 1144 2209 domino
1167 2145 1202 2205 de

123 2243 305 2304 claromonte
317 2242 427 2303 solvere
437 2245 513 2302 IIIIm
526 2243 607 2304 solid.
624 2243 760 2306 VIennen.
777 2263 828 2323 pro
839 2243 904 2306 dote
921 2244 1011 2310 llasie
1031 2243 1086 2305 filie
1110 2262 1203 2324 quon-

123 2340 189 2402 dam
202 2339 307 2400 domini
322 2338 357 2400 de
370 2339 455 2415 Vilar,
470 2360 552 2421 quam
562 2340 652 2402 dictus
661 2347 714 2422 Ay.
726 2341 837 2401 volente
852 2353 880 2402 et
890 2352 1028 2402 tractante
1039 2339 1114 2400 dicto
1123 2339 1200 2400 dom.

125 2436 260 2518 dalphino
277 2435 356 2498 duxit
367 2436 395 2497 in
407 2457 533 2514 uxorem,
546 2451 574 2500 et
588 2457 638 2517 pro
651 2437 711 2518 ipsa
725 2438 790 2500 dote
800 2437 934 2500 solvenda
944 2437 1021 2500 dedit
1030 2435 1122 2517 plures
1131 2434 1203 2496 lide-

123 2533 250 2611 jussores
267 2533 341 2594 dicto
355 2540 408 2615 Ay.
688 2522 690 2526 ⁸

169 2647 237 2708 334.
255 2636 321 2692 Item
336 2630 387 2692 luit
405 2643 544 2711 repertum
561 2631 648 2712 quod.
662 2631 874 2716 instrumentum
886 2631 988 2693 iactum
1003 2648 1087 2691 manu
1098 2627 1203 2692 Alberti

125 2728 161 2789 de
175 2728 288 2810 Breyda
305 2728 415 2804 notarii,
432 2728 484 2792 sub
501 2748 574 2790 anno
593 2729 647 2791 uni
662 2735 868 2804 M0110XC⁰III⁰,
886 2726 1031 2791 continens
1047 2725 1123 2808 quod
1139 2745 1205 2788 cas-

124 2839 199 2887 trum
217 2825 320 2887 Montis
334 2825 439 2886 Revelli
453 2825 504 2886 luit
519 2826 658 2889 redditum
675 2845 725 2906 per
741 2839 838 2906 gentes
863 2827 936 2888 dom¹
962 2824 1083 2906 dalphini
1106 2842 1204 2886 senes-

129 2921 203 2984 callo
221 2934 229 2965 ¹
247 2921 443 2983 Masriconensi
457 2939 508 3001 pro
525 2921 602 2983 dom⁰
619 2941 684 3002 rege
702 2929 883 2984 Francorum.

169 3037 238 3098 335.
252 3025 331 3094 Item,
344 3019 429 3100 qued.
445 3018 535 3080 littera
550 3019 578 3079 ln
592 3019 723 3099 pendenti
740 3019 867 3100 sigillata,
878 3018 979 3098 scripta
992 3016 1044 3080 sub
1060 3037 1132 3079 anno
1150 3018 1203 3079 oni

126 3122 338 3192 II0II⁰LIIVII⁰,
354 3116 499 3178 continens
518 3117 746 3196 procuracionem
774 3116 874 3177 iactam
898 3134 948 3195 per
973 3114 1204 3176 Guillelmumde

127 3213 287 3276 Rossilione
302 3214 337 3275 ad
351 3213 518 3277 tradendum
535 3227 656 3275 castrum
673 3214 778 3295 Ruppis
797 3214 833 3275 de
847 3214 935 3295 Clue'y
959 3213 1037 3275 dom⁰
1059 3210 1201 3292 dalphino,

126 3325 155 3373 et
169 3311 394 3391 recognicionem
408 3311 509 3372 factam
523 3331 573 3391 per
589 3311 678 3391 ipsum
692 3311 866 3375 Guillelmum
884 3310 919 3373 de
933 3310 1009 3374 dicto
1017 3323 1109 3373 castro
1125 3308 1205 3382 dom⁰

126 3394 273 3488 delphino.
704 3469 707 3477 ,
1126 3455 1129 3459 ,

172 3504 241 3583 336.
262 3510 340 3580 Item,
352 3505 437 3584 qued.
456 3505 547 3567 littera
557 3504 667 3566 duobus
676 3503 773 3584 sigillis
785 3504 813 3565 in
826 3503 959 3583 pendenti
967 3501 1094 3584 sigillata,
1102 3501 1205 3581 scripta

127 3601 181 3663 sub
198 3619 274 3662 anno
290 3601 342 3662 Diri
360 3609 558 3678 M⁰III⁰IIVII⁰,
575 3601 721 3663 continens
735 3601 892 3663 soluciones
905 3601 992 3662 lactas
1004 3598 1117 3660 nomine
1131 3598 1204 3660 domi

126 3697 262 3760 Iohannis
277 3697 397 3779 dalphini
412 3720 463 3780 per
469 3701 606 3761 Andream
624 3698 729 3779 Czuppi
741 3698 859 3759 condam
870 3697 995 3760 societati
1006 3695 1159 3758 Bardorum
1170 3695 1205 3758 de

128 3795 285 3857 Florentia.

172 3911 185 3971 3
194 3911 242 3971 37.
263 3899 342 3968 Item,
361 3893 445 3973 qued.
462 3893 499 3954 al.
512 3893 602 3955 littera
617 3891 720 3971 scripta
730 3890 781 3952 sub
796 3909 869 3951 anno
885 3897 994 3953 Incarn.
1013 3890 1066 3952 Diri
1082 3895 1205 3952 II⁰CCC⁰

167 4115 190 4154 1.
207 4093 314 4148 lYolvord
328 4065 443 4164 baillivo.

1071 4199 1080 4259 5
