2716 4784
517 420 692 482 ..,9,-

113 535 196 612 1076.
231 541 311 610 item,
340 535 425 617 quod.
444 530 525 615 publ.
554 534 766 597 instrumentum
792 534 924 614 scripturn
947 553 1030 595 manu
1045 533 1141 614 ⁴Guig.

66 632 221 706 Frumenti,
235 630 287 692 sub
301 648 375 693 anno
392 631 445 694 uni
467 631 776 712 MtCCC⁰>xXXVIlQ
792 629 877 692 indic.
889 643 930 705 vt,
948 631 994 692 die
1006 642 1057 692 unt
1068 648 1145 692 rnen-

63 728 104 790 sis
120 729 247 807 januarii,
263 729 410 790 continens
436 728 512 809 quod
535 727 626 807 Guigo
641 727 675 787 de
692 725 838 807 Cufmgen,
854 741 1020 807 procurator
1033 741 1061 790 et
1076 746 1146 808 pro-

62 824 205 887 curatorio
220 824 331 886 nomine
348 824 539 906 religiosarum
554 842 681 886 sororum
705 822 782 884 dom‘
805 823 925 886 abatisse
949 831 1035 887 Beate
1058 823 1144 886 llarie

63 921 102 982 de
118 928 245 997 Deserta,
260 920 364 983 ordinis
379 928 481 984 Sancte
496 921 587 997 Clare,
604 919 769 1001 recognovit
785 920 852 983 dict.
869 934 1037 984 conuentum
1048 935 1145 996 tenere

62 1018 93 1080 in
116 1018 328 1100 emphitheosim
349 1032 511 1099 perpetuam
536 1031 565 1080 et
587 1018 623 1079 de
652 1018 757 1081 directo
781 1019 905 1081 dominio
923 1018 1000 1081 domi
1023 1016 1145 1101 delphini

63 1114 153 1196 quod.
170 1115 323 1178 brosellum
335 1134 384 1177 seu
402 1134 501 1181 nemus
518 1115 596 1196 quod
619 1114 695 1177 dicte
718 1134 829 1179 sorores
845 1116 962 1179 emerint
981 1122 1099 1178 aPetro
1110 1115 1148 1178 de
1245 1118 1246 1123 ’

64 1219 236 1293 Bergonono
250 1226 278 1274 et
302 1211 451 1294 Margarita
475 1211 534 1292 ejus
557 1231 665 1288 sorore,
681 1211 762 1274 situm
782 1231 880 1275 versus
895 1212 1045 1277 Nerienem
1070 1212 1147 1292 'putta

63 1330 168 1391 aquarn
189 1310 299 1372 Radani
317 1329 353 1372 ex
370 1328 425 1372 una
439 1323 518 1391 parte
535 1322 564 1372 et
577 1309 653 1389 juata
671 1309 823 1372 brocellum
845 1311 942 1376 luchie
963 1330 999 1373 ex
1014 1311 1101 1373 altera
1120 1323 1148 1373 et

62 1407 143 1487 juxta
159 1407 311 1470 broceium
329 1407 439 1471 Thorne
452 1407 487 1469 de
500 1414 624 1488 Lengres
635 1425 670 1469 ex
682 1407 768 1469 altera
779 1408 812 1470 in
824 1409 1020 1472 mandamento
1031 1408 1068 1471 de
1083 1408 1147 1471 val·

63 1501 150 1581 libus,
166 1522 287 1584 proquo
306 1503 430 1565 brocello
446 1516 561 1566 tenerur
575 1503 668 1566 iacere
680 1503 748 1565 dict.
772 1518 927 1567 conventus
941 1520 1047 1568 certum
1061 1505 1148 1570 servi-

63 1599 140 1662 cium
161 1598 285 1676 domino,
306 1612 399 1661 tamen
413 1618 471 1661 uon
485 1612 531 1662 est
545 1599 574 1661 in
598 1599 674 1662 dicto
688 1600 778 1663 instr‘o
794 1601 965 1663 declaratum
980 1615 1000 1664 ¹.

111 1713 199 1773 ¹077·
215 1703 294 1771 item,
310 1695 398 1777 qued.
414 1696 504 1759 littere
518 1697 578 1759 sine
592 1696 693 1778 sigillo,
710 1697 817 1778 scripte
827 1698 880 1759 sub
893 1716 966 1760 anno
981 1700 1034 1761 uni
1049 1700 1148 1760 M⁰lll⁶
1238 1684 1244 1695 ’

62 1797 238 1869 XXXVlll0,
265 1792 316 1855 die·
330 1807 416 1855 rrumt
444 1794 548 1856 mensis
570 1794 676 1870 marcii,
708 1794 883 1858 continentes
907 1796 1148 1862 confirmationem

61 1889 287 1953 lranchesiaruur
298 1890 514 1973 leontisluppelli
527 1891 628 1954 factam
645 1908 698 1972 per
710 1892 785 1954 dom.
802 1893 958 1973 Guigunem
973 1893 1144 1973 dalphinum.

110 1987 196 2063 1078.
228 1993 311 2062 item,
337 1987 425 2068 quodi
454 1988 668 2050 instrumentum
682 1988 830 2070 sigillatum
844 1990 872 2051 in
893 1990 1036 2070 pendenti,
1056 1990 1149 2072 scrip-

61 2097 124 2146 tum
139 2103 223 2145 manu
250 2085 385 2146 Iohannis
409 2084 446 2148 de
468 2091 570 2148 Sancto
594 2085 739 2168 Dyonisio‚
768 2087 1149 2151 subannolncam.1)ilice

63 2185 240 2258 M⁰1110V11⁰,
257 2183 403 2245 continens
417 2182 617 2246 intimationem
631 2196 662 2245 et
672 2183 850 2246 donationem
860 2185 948 2248 iactas
959 2204 1011 2266 per
1023 2185 1148 2248 nobilem

62 2281 155 2342 virum
167 2279 305 2341 iacobum
319 2279 481 2344 deflerem>
492 2280 532 2341 itt
543 2280 606 2341 uiro
621 2280 698 2345 dom.
717 2281 841 2342 Guidoni
856 2281 988 2362 Dalphini
1005 2281 1040 2342 de
1053 2293 1148 2343 castro

64 2392 94 2440 et
117 2376 314 2438 mandamento
340 2375 375 2438 de
399 2377 520 2453 viriaco,
536 2376 699 2438 Viennensis
726 2376 866 2459 dyocesis,
882 2377 965 2438 situm
982 2396 1065 2457 supra
1081 2383 1150 2438 cae-

62 2484 142 2533 trum
150 2471 186 2533 de
198 2472 344 2535 malavalle
356 2473 389 2536 io
397 2473 470 2554 pede
483 2473 590 2535 montis
600 2473 638 2535 de
653 2480 748 2534 Monte
757 2473 838 2549 vieo,
851 2486 880 2535 et
889 2474 1002 2536 domum
1016 2491 1093 2535 suam
1110 2472 1146 2536 de

64 2570 231 2652 Chananayt
244 2570 326 2633 sitam
334 2570 411 2650 imita
424 2571 581 2646 Rodarmm,
595 2589 766 2632 cumeorum
780 2570 879 2632 castris
887 2582 916 2632 et
930 2558 1145 2646 mandamenrnj

63 2667 213 2730 continens
225 2666 316 2730 ecia'm
329 2668 423 2748 plures
432 2668 575 2749 pactiones
589 2667 697 2729 habitas
713 2666 785 2728 inter
801 2666 868 2729 dict.
887 2666 1025 2729 dominos.

111 2783 198 2845 ¹⁰79·
216 2765 396 2846 ltem‚.qued.
413 2764 502 2828 littera
519 2765 622 2846 scripta
638 2764 695 2826 sub
704 2782 778 2826 mmo
807 2764 862 2827 Diri
884 2771 1101 2840 umentem,
1117 2764 1151 2826 im

62 2861 173 2924 octavis
186 2861 315 2923 Omnimn
331 2868 507 2940 Sanctorum,
532 2865 677 2924 continens
694 2861 770 2943 quod
784 2861 858 2924 bone
875 2862 1008 2924 memorie
1026 2861 1151 2925 condam

63 2959 143 3021 dom.
159 2959 285 3022 Andreas
303 2960 451 3041 delphinus
465 2960 640 3024 confirmavit
657 2959 751 3022 domui
770 2960 928 3023 Boneuallis
941 2979 1039 3022 omnes
1054 2959 1147 3022 dona-

63 3056 161 3117 ciones
170 3056 275 3118 eisdem
287 3057 376 3119 iactas
396 3058 535 3139 usquead
551 3057 652 3121 dictam
668 3056 741 3118 diem
756 3076 807 3137 per
827 3048 1040 3137 predecessores
1066 3077 1145 3133 suos,
1223 3116 1225 3120 ,

63 3151 171 3213 eisdem
187 3151 362 3216 confirmavit
374 3167 403 3219 et
415 3154 534 3235 quedam
549 3155 602 3218 alia
615 3155 644 3216 in
657 3154 731 3216 dicta
745 3153 835 3215 littera
850 3167 981 3217 contenta
991 3154 1095 3217 eisdem
1110 3155 1149 3216 de

64 3268 144 3312 novo
157 3250 282 3312 donavit.

111 3348 196 3411 1080.
216 3355 301 3425 item,
328 3348 366 3411 al.
390 3348 470 3429 pubi.
493 3349 705 3412 instrumentum
725 3349 857 3430 scriptum
875 3367 958 3410 manu
984 3344 1089 3409 alberti
1110 3345 1149 3408 de

65 3445 179 3528 Brayda
191 3446 291 3508 notarii
306 3445 384 3528 publ.
399 3446 451 3508 sub
465 3466 538 3509 anno
552 3448 604 3509 uni
616 3452 819 3522 M⁰Ccc⁰llll⁰,
835 3458 877 3506 nta
892 3445 938 3507 die
949 3445 1051 3507 mensis
1066 3443 1144 3523 junii,

64 3541 211 3604 continens
231 3541 307 3623 quod
325 3542 478 3605 Guionetus
499 3541 600 3619 Gersii,
623 3542 695 3605 frlius
722 3541 854 3625 aymonis
879 3540 980 3618 Gersii,
1003 3541 1146 3604 confessus

65 3637 119 3699 luit
131 3657 161 3700 se
170 3650 200 3700 et
211 3657 277 3700 suos
285 3651 383 3701 tenere
395 3659 412 3700 a
422 3638 569 3720 magnifico
583 3638 645 3701 viro
654 3639 731 3700 dom.
750 3630 903 3700 Humlierto
918 3636 1049 3718 delphino
1058 3636 1150 3699 Vien-

64 3733 146 3795 nensi
160 3748 189 3796 et
200 3736 257 3796 suis
283 3735 395 3821 domurn
418 3754 498 3797 suam
525 3745 574 3798 seu
600 3736 737 3798 bastidam
763 3735 800 3796 de
818 3736 950 3815 chepana
969 3747 998 3797 et
1020 3735 1147 3816 quidquit

64 3828 154 3892 habet
163 3831 191 3892 in
208 3831 337 3894 districtu
350 3832 588 3894 etmendamento
605 3833 841 3920 castri-detorta
856 3832 942 3894 ridel.
953 3850 973 3894 a
984 3832 1145 3895 crosa-Mali

66 3932 181 4010 Boyson
193 3948 281 4009 usque
296 3928 403 4006 Turim,
415 3949 469 4011 que
478 3929 578 3991 domus
594 3943 637 3991 est
649 3927 790 3991 reddibilis
813 3941 842 3990 et
860 3947 915 3989 una
937 3947 1000 3991 cunr
1014 3928 1146 4010 predictis

105 4147 126 4184 r.
144 4129 183 4183 En
198 4145 231 4184 m.
246 4128 380 4184 Tralatur
390 4129 464 4203 copie
477 4129 611 4186 castellano
624 4127 732 4187 Vallium
746 4146 794 4203 pro
805 4129 873 4186 lacto
888 4128 1011 4188 miribelli.
