2716 4784
603 398 760 470 ‘3⁶-

191 529 254 605 ¹⁶5·
273 534 351 600 Item,
369 525 481 604 quamd.
498 525 614 585 litteram
628 525 757 604 scriptam
771 524 822 586 sub
835 542 908 585 anno
923 524 976 584 Dr'ri
994 531 1207 599 II⁰II⁶IIC0VIII,
1243 590 1246 599 ,

147 643 174 685 ru
189 625 301 687 kalend.
319 623 476 698 decenbris,
494 623 557 683 luna
569 642 639 697 xrxa,
656 622 765 685 duobus
780 623 874 703 sigillis
898 623 1093 704 aucten<ti>cis
1107 623 1209 703 sigillata

148 724 174 783 in
190 723 332 803 pendenti,
349 721 535 783 continentem
550 720 625 800 quod
643 719 720 781 doma
734 720 874 802 hynarda,
890 720 1009 782 condam
1035 741 1107 783 uxor
1129 720 1210 782 hude-

148 819 225 881 marii
243 820 278 880 de
294 825 431 900 Breysseu
452 832 480 878 et
499 830 586 878 mater
602 816 760 878 Audemarii
784 817 872 896 pueri,
895 808 1010 879 consilio
1033 832 1062 879 et
1082 817 1210 878 voluntate

148 917 220 978 dom¹
236 915 356 997 llynardi
378 916 540 977 Viennensis
560 914 760 995 archiepiscopi
784 930 811 977 et
833 915 938 976 Odonis
952 916 988 978 de
1012 922 1147 977 Turnone
1170 912 1211 974 viri

148 1014 188 1075 sui
203 1026 230 1075 et
244 1013 357 1075 militurn
372 1027 399 1074 et
414 1012 564 1096 proborum
581 1013 702 1074 virorum
717 1013 792 1074 curie
807 1013 842 1074 de
858 1019 993 1096 Breyseu,
1011 1013 1147 1075 convenit
1158 1031 1210 1073 curn

147 1110 260 1173 alberto
286 1111 321 1172 de
354 1117 442 1171 Turre
464 1126 494 1172 ut
515 1110 596 1172 filiam
623 1129 700 1171 suam
724 1109 803 1171 daret
825 1110 853 1170 in
879 1129 994 1172 uxorem
1012 1111 1170 1172 Audemaro
1183 1109 1212 1168 de

150 1209 265 1271 Buserio
281 1208 323 1289 (I)
337 1207 393 1270 filio
407 1228 458 1270 suo
474 1222 502 1269 et
515 1208 566 1270 tuit
580 1208 631 1269 dos
652 1207 737 1287 ipsius
751 1209 797 1268 Vm
813 1206 974 1269 solidorum.

193 1306 257 1366 166.
276 1312 354 1379 Item,
371 1305 455 1384 qued.
475 1305 564 1366 littera
581 1317 707 1367 emanata
730 1324 746 1364 a
766 1303 857 1382 judice
878 1304 1017 1366 Viennesii
1041 1305 1149 1367 habens
1171 1304 1214 1365 tria

149 1402 278 1482 capitula,
307 1421 422 1483 quorum
451 1386 569 1482 primum
595 1414 623 1462 et
645 1401 796 1462 secundum
823 1401 966 1464 continent
992 1402 1120 1463 valorem
1144 1401 1215 1463 castri

151 1497 294 1559 Bellitrisus
308 1498 342 1559 de
359 1505 453 1559 Marco
474 1511 501 1559 et
515 1498 543 1558 in
563 1497 650 1559 tercio
666 1497 823 1559 continetur
841 1500 915 1579 quod
938 1498 1107 1579 Ilugoninus
1134 1499 1214 1572 Clare,

151 1603 233 1675 Ilugo
260 1597 430 1669 Reforsonis‚
465 1604 546 1676 Ilugo
569 1594 667 1670 Girini,
697 1595 780 1657 Falco
809 1609 837 1656 et
866 1595 1016 1677 Syboudus
1047 1596 1083 1658 de
1113 1595 1214 1669 Brocia,

151 1694 286 1756 IIenricus
302 1693 402 1774 Luppi,
421 1693 577 1771 Obetjonus
597 1692 632 1754 de
651 1692 759 1767 Malliis,
776 1692 946 1755 Iohannetus
964 1693 1074 1754 Palsert
1088 1706 1117 1755 et
1132 1700 1217 1773 Ilugo

149 1806 229 1853 netus
252 1791 404 1853 Maineroni
426 1790 545 1852 confessi
567 1789 678 1852 luerunt
702 1808 764 1851 esse
782 1789 907 1850 homines
929 1788 984 1869 ligii
1007 1787 1115 1850 domini
1141 1787 1217 1849 nostri

150 1888 282 1968 dalphini.
472 1885 475 1890 ’

194 1986 257 2062 167.
276 1992 354 2059 Item,
371 1984 457 2063 quod.
473 1984 684 2045 instrumentum
703 1974 805 2044 lactum
821 2002 903 2043 manu
917 1983 959 2062 (ut
978 1982 1061 2064 157),
1078 1984 1217 2044 continens

149 2081 307 2161 homagium
323 2080 417 2160 ligium
434 2080 620 2142 bartholomei
638 2080 673 2142 de
689 2081 772 2141 Prina
785 2080 820 2141 de
837 2079 952 2141 Cabiolo
965 2092 993 2141 et
1007 2080 1216 2161 assignationem

150 2178 184 2239 ad
198 2196 362 2258 recognosc.
376 2177 502 2257 particul.
522 2192 550 2239 et
564 2177 656 2239 distin.
672 2178 743 2239 inira
756 2191 825 2239 cert.
840 2190 949 2256 tempus
958 2177 1013 2256 jam
1029 2177 1120 2257 elaps.

195 2271 256 2333 168.
278 2278 356 2348 Item,
373 2271 464 2352 quod..
475 2271 686 2333 instrumentum
714 2271 860 2350 sigillatum
885 2269 1218 2350 duobussigillis,'scrip

149 2381 207 2429 turn
234 2387 315 2429 manu
333 2367 466 2455 hymonis
483 2367 517 2428 de
535 2368 667 2429 Tornalol
695 2367 730 2429 de
756 2366 983 2446 Monteluppello,
1004 2366 1058 2428 sub
1075 2385 1152 2428 anno
1173 2365 1217 2427 Diri

68 2488 73 2497 ·
150 2471 307 2540 M⁰III⁶III⁰,
327 2478 357 2525 va
371 2464 416 2526 die
430 2464 533 2526 mensis
547 2465 667 2545 augusti,
686 2464 714 2525 in
728 2484 783 2544 quo
802 2463 959 2524 continetur
978 2463 1055 2542 quod
1080 2463 1217 2545 Philippus

149 2562 184 2622 de
200 2562 291 2636 Clara,
311 2560 450 2623 habitator
466 2562 582 2637 Vienne,
599 2561 724 2641 promisit
738 2561 815 2622 dom⁰
833 2559 987 2621 llumberto
1002 2558 1137 2640 dalphino
1161 2560 1218 2621 red-

149 2658 215 2718 dere
239 2657 414 2719 medietatem
428 2658 499 2719 furni
525 2658 648 2734 Serviec,
678 2677 760 2737 quarn
782 2656 966 2737 acquisiverat
979 2655 1054 2717 idern
1069 2656 1148 2718 dom.
1165 2657 1218 2716 dal-

149 2754 249 2835 phinus
264 2773 280 2814 a
297 2754 381 2815 nobili
399 2754 459 2815 viro
481 2753 635 2817 locerando
650 2754 686 2815 de
704 2753 820 2814 Herasio
835 2753 931 2828 milite,
959 2753 1218 2834 quotcienscumque

149 2849 239 2911 eidem
255 2849 384 2930 Philippo
408 2851 581 2912 solverentur
594 2864 621 2910 υ
646 2849 714 2910 libre
743 2849 877 2911 viennen.
894 2869 945 2930 per
968 2849 1046 2911 dom.
1064 2849 1216 2931 dalphinum

151 2946 194 3007 vel
213 2945 295 3006 alium
311 2945 512 3023 ejusnomiltes
671 3026 672 3029 Ἴ

193 3042 256 3125 169.
275 3050 353 3118 Item,
382 3043 466 3121 qued.
497 3044 592 3105 lictera
617 3037 760 3105 continens
785 3043 1018 3122 dispensationem
1043 3045 1147 3106 factam
1161 3062 1216 3106 cunr

148 3140 225 3203 dom⁰
248 3141 374 3222 Guigone
399 3140 540 3221 dalphIno,
568 3141 614 3222 qui
642 3140 781 3218 juraverat
800 3141 963 3202 contrahere
990 3160 1143 3205 eumuna
1169 3143 1217 3204 filia

147 3239 255 3302 comitis
269 3237 427 3314 Provincie,
443 3238 489 3318 qui
502 3250 599 3318 postea
613 3238 750 3299 contraxit
759 3256 822 3299 curn
832 3237 910 3299 doma
925 3238 1053 3300 Beatrice
1067 3238 1125 3301 filia
1152 3238 1217 3301 dom

148 3336 256 3398 comitis
267 3334 415 3411 sabaudie,
432 3335 495 3415 quia
510 3336 539 3396 in
553 3334 641 3415 gradu
656 3336 918 3416 consanguineitatis
933 3350 1022 3398 erant.

193 3453 288 3511 rpo-a.
305 3441 383 3509 Item,
401 3434 486 3512 quod.
505 3433 578 3494 aliud
596 3434 806 3497 instrumentum
830 3434 961 3515 scripturn
988 3453 1072 3495 manu
1093 3433 1219 3516 aymonis

150 3531 184 3591 de
204 3531 335 3593 Tornafol
359 3530 394 3591 de
418 3529 615 3610 Montelupello
641 3531 750 3605 notarii,
770 3530 822 3611 sub
835 3551 909 3593 anno
926 3530 978 3592 Diri
996 3535 1217 3605 nt⁰cc⁰xc⁰ru⁰,

105 3652 107 3657 ·
149 3627 295 3708 sigillatum
315 3628 424 3690 duobus
449 3628 612 3690 auctenticis
639 3628 734 3708 sigillis
762 3627 789 3688 in
814 3628 957 3708 pendenti,
987 3628 1137 3690 continens
1152 3626 1219 3709 quod

149 3724 233 3786 frater
248 3732 337 3805 Aymo
354 3724 485 3805 magister
513 3725 672 3805 Hospitalis,
699 3738 765 3785 tunc
792 3724 883 3785 Sancti
904 3722 1033 3785 Anthonii
1062 3723 1222 3786 Viennensis

150 3822 226 3897 dicti,
242 3822 369 3901 aquisivit
384 3836 503 3884 castrum
534 3823 625 3884 Sancti
647 3821 775 3882 Anthonii
790 3839 851 3881 curu
867 3820 1026 3882 omnimoda
1051 3820 1221 3898 juridictione

149 3932 177 3979 et
191 3932 278 3979 totum
294 3919 397 3999 allayre
411 3920 446 3980 de
461 3927 608 3980 Montanea
635 3932 662 3980 et
686 3932 778 3980 cetera
796 3918 959 3997 pernnentia
975 3917 1010 3979 ad
1031 3917 1138 3978 dictum
1164 3937 1223 3980 cas-

147 4027 219 4075 trum
235 4028 263 4076 et
293 4016 382 4095 ipsum
409 4015 522 4096 affayre‚
553 4015 647 4096 precio
663 4018 736 4077 XVm
753 4022 789 4076 IIc
813 4015 943 4076 librarum
958 4014 1096 4076 viennen.
1114 4014 1223 4076 anobili

149 4111 209 4173 viro
219 4111 295 4173 dom.
312 4112 443 4194 hynardo
460 4110 572 4172 domino
587 4111 674 4172 castri
691 4112 774 4185 Novi,
800 4111 835 4173 de
853 4112 936 4173 leudo
961 4112 1026 4191 ligio
1043 4124 1072 4173 et
1096 4112 1224 4174 reddibili
