2716 4784
592 413 770 469 ..„,..

136 540 194 601 quo
211 522 302 585 insuto
316 523 472 585 declaratur
492 524 591 585 modus
621 537 649 586 et
661 526 750 587 forma
769 544 803 586 ae
816 525 982 606 quantitates
998 545 1052 606 que
1069 545 1119 606 pro
1145 527 1219 589 dicto
1293 587 1296 592 r

137 620 249 681 eminali
266 622 393 683 levantur
410 634 430 682 ¹.
1228 701 1231 707 ⁴

178 737 248 798 749.
283 726 364 799 ltem,
379 718 465 799 quod.
491 719 703 781 instrumentum
724 720 766 802 (ut
791 721 875 804 704),
899 722 1043 784 continens
1061 719 1220 802 homagium

135 814 232 894 ligium
247 817 390 896 prestitum
404 834 454 896 per
469 823 641 880 Franconem
663 817 699 878 de
724 818 944 880 Ambellodom⁰
966 818 1097 900 dalphino
1112 831 1140 881 et
1161 831 1222 880 ter·

135 932 281 974 minum...

177 1028 248 1089 750.
262 1015 341 1086 ltem,
361 1009 444 1091 qued.
461 1009 556 1073 lietera
572 1011 600 1072 in
613 1011 743 1091 pendenti
765 1011 882 1093 sigillata
896 1012 947 1075 sub
960 1032 1033 1075 anno
1052 1013 1106 1076 uti
1120 1017 1220 1074 M⁰CC⁰

136 1113 253 1181 LXIIV,
269 1126 307 1168 xv
322 1107 434 1169 kalend.
451 1107 518 1186 julii,
533 1108 618 1170 indic.
631 1126 671 1184 vt,
682 1108 711 1170 in
727 1109 826 1189 quibus
839 1117 938 1172 Petrus
949 1110 1079 1187 Vsoardi,
1092 1110 1220 1172 dominus

135 1203 221 1265 castri
248 1204 345 1285 d'hys,
361 1204 487 1284 promisit
503 1205 580 1266 Flore
597 1205 676 1266 uxori
691 1206 795 1270 Valleni
812 1208 946 1270 Arthaudi
964 1208 1138 1271 emietionem
1155 1226 1220 1268 cas-

135 1313 243 1361 trorum
254 1300 290 1362 de
314 1308 408 1362 Monte
423 1301 516 1377 Claro,
530 1301 566 1362 de
580 1309 690 1363 Verona
714 1315 742 1364 et
755 1303 790 1365 de
805 1305 1007 1367 mandamentis
1026 1319 1054 1368 et
1076 1304 1221 1367 territoriis

135 1396 263 1458 locorum
273 1416 357 1477 supra
369 1397 582 1478 descriptorum,
608 1417 659 1478 per
681 1398 793 1461 modum
808 1415 969 1465 contentum
985 1402 1013 1464 in
1030 1403 1126 1464 litteris
1140 1401 1218 1483 ipsis.

176 1514 247 1575 75¹·
266 1502 345 1571 Item,
368 1495 453 1576 quod.
479 1495 689 1556 instrumentum
717 1497 873 1558 confectum
897 1518 980 1560 manu
1005 1499 1079 1561 Petri
1095 1498 1220 1562 Chalvini

135 1591 248 1667 notarii,
263 1592 314 1653 sub
327 1611 400 1653 anno
416 1592 707 1666 Dninuccuxvrr,
719 1593 804 1654 indie.
820 1609 861 1668 xa,
878 1594 923 1656 die
934 1609 988 1656 nua
997 1609 1115 1657 exeunte
1125 1614 1220 1657 mense

135 1687 308 1763 novembris,
339 1688 483 1750 continens
511 1689 585 1770 quod
616 1688 777 1751 Guillelmus
806 1690 953 1767 Chauneis,
977 1691 1048 1774 filius
1064 1691 1220 1774 Raymundi

136 1786 288 1862 chaumeis,
306 1784 432 1847 vendidit
446 1785 523 1846 d0m⁰
539 1785 658 1866 Guigoni
673 1785 803 1865 dalphino
814 1787 962 1849 Viennensi
977 1801 1005 1848 et
1029 1787 1086 1849 suis
1107 1788 1220 1849 domum

135 1905 215 1947 suam
233 1898 261 1946 et
287 1885 385 1947 turrim
416 1897 444 1946 et
472 1883 590 1945 edifficia
608 1904 669 1945 eum
685 1897 765 1964 prato
780 1898 854 1946 retro
879 1885 1033 1959 coherenti,
1049 1886 1129 1947 sitam
1144 1885 1219 1966 apud

136 1981 359 2063 Grationopolim
380 1982 456 2061 juxta
481 1981 626 2043 eeclesiam
651 1982 743 2043 Sancti
766 1982 887 2059 Andree,
909 1981 1076 2045 confinatam
1096 1981 1124 2043 in
1145 1981 1220 2046 dicto
1315 2008 1318 2013 ·

134 2080 227 2142 instr¹⁰
242 2092 266 2140 ².

177 2194 247 2256 75²·
264 2183 344 2249 Item,
360 2175 444 2258 qued.
462 2175 552 2237 littera
567 2193 622 2235 uno
637 2174 726 2254 sigillo
740 2174 768 2235 in
782 2175 914 2255 pendenti
930 2176 1058 2256 sigillata,
1072 2176 1124 2238 sub
1146 2195 1220 2239 anno

137 2275 193 2335 Drii
209 2275 408 2347 M0119XL1X0,
429 2285 492 2332 x1u0
508 2270 621 2332 kalend.
636 2271 806 2347 novembris,
823 2273 967 2334 continens
981 2273 1056 2354 quod
1075 2274 1136 2334 Odo
1149 2272 1220 2334 filius

135 2371 211 2432 domi
226 2370 361 2451 Guigonis
375 2368 518 2429 Alamandi
536 2368 660 2430 vendidit
686 2368 765 2428 dom0
786 2369 905 2449 Guigoni
924 2369 1055 2448 dalphino
1071 2369 1220 2432 Viennensi

136 2467 217 2528 dom.
243 2465 428 2528 Bertrandum
449 2465 485 2526 de
510 2465 629 2542 lnjalatis
644 2464 757 2526 militem
772 2479 800 2526 et
817 2479 906 2526 totum
923 2466 1035 2527 feudum
1051 2466 1125 2547 quod
1143 2465 1218 2526 idem

135 2565 215 2628 dom.
233 2565 403 2627 Bertrandus
427 2563 471 2625 vel
486 2577 565 2642 pater
578 2563 637 2641 ejus
658 2563 776 2624 condam
789 2561 902 2623 tenebat
914 2581 929 2622 a
942 2562 1070 2642 Guigone
1089 2579 1116 2624 et
1135 2569 1222 2626 Fran·

135 2662 224 2737 eisco,
240 2662 324 2723 fratre
339 2661 403 2722 dicti
420 2659 526 2721 Odonis
535 2659 637 2735 Alam,
655 2659 728 2739 apud
742 2658 846 2720 Vallem
859 2657 968 2719 Bonesii
980 2672 1007 2720 et
1021 2659 1049 2720 in
1059 2672 1118 2721 tota
1130 2659 1217 2736 Valle,

136 2774 164 2819 et
179 2758 283 2820 ibidem
305 2758 379 2819 idern
405 2755 674 2833 dom.,Bertrandus
699 2754 764 2818 feeit
788 2755 946 2836 homagium
969 2755 1044 2818 dieto
1069 2756 1145 2818 dom.
1163 2757 1222 2819 dal·
1272 2740 1276 2753 ¹

135 2855 223 2935 phino
242 2868 264 2915 3.
821 2915 824 2920 .

178 2969 248 3031 753.
276 2957 354 3025 Item,
371 2951 458 3030 quod.
483 2951 694 3012 instrumentum
713 2949 868 3010 conlectum
893 2970 974 3010 manu
999 2950 1221 3031 Guigonishler·

137 3048 240 3111 catoris
252 3048 352 3109 notarii
364 3047 442 3128 publ.
457 3047 509 3109 sub
531 3067 604 3108 anno
633 3045 685 3107 Drii
702 3052 943 3122 M⁰CC⁰LXXVI⁰,
968 3047 1066 3110 indict.
1094 3063 1159 3125 unt,
1175 3050 1220 3112 die

137 3151 203 3211 lune
218 3158 282 3226 post
294 3145 393 3207 festum
410 3145 528 3226 Philippi
552 3158 579 3206 et
590 3143 697 3218 Jacobi,
721 3143 865 3204 continens
879 3143 953 3224 quod
983 3150 1072 3225 Aymo
1099 3144 1220 3205 Morardi

137 3243 301 3306 domicellus
315 3244 478 3324 recognovit
499 3265 515 3304 a
531 3242 663 3324 Syboudo
687 3242 721 3303 de
743 3248 916 3303 Castronovo
941 3241 1015 3320 quod
1030 3241 1122 3303 omnia
1138 3241 1220 3303 feuda

136 3360 193 3421 que
208 3340 361 3420 hospicium
378 3339 413 3401 de
429 3339 516 3402 Areiis
529 3338 649 3400 habebat
660 3338 688 3398 in
699 3338 894 3399 mandamento
908 3337 990 3398 castri
1010 3337 1047 3398 de
1064 3337 1220 3399 Bueurione

137 3438 209 3499 etin
226 3437 371 3517 parrochia
397 3437 432 3498 de
455 3443 576 3512 Corenx,
595 3436 630 3497 de
656 3435 796 3511 Meolano,
826 3435 918 3496 Sancti
934 3434 1057 3495 Mauricii
1080 3447 1109 3494 et
1127 3433 1220 3495 Sancti

138 3534 279 3614 Fergeoli,
296 3546 414 3614 excepto
437 3533 552 3614 albergo
576 3532 647 3594 deue
671 3533 803 3606 Vachers,
832 3530 946 3592 donavit
976 3530 1052 3590 doma
1080 3527 1219 3590 uuiffreda
1269 3557 1272 3561 ·

136 3644 228 3691 mater
243 3630 309 3691 dieti
323 3630 454 3711 hymonis
471 3630 546 3691 dieto
564 3627 697 3711 Syboudo
713 3648 763 3708 pro
776 3647 793 3687 v
808 3628 902 3689 solidis
916 3628 950 3689 de
965 3627 1077 3707 placito,
1089 3640 1117 3688 et
1127 3626 1232 3706 plures.

135 3727 206 3790 alias
234 3725 412 3788 condiciones
439 3726 591 3806 descriptas
618 3726 646 3786 in
672 3725 731 3804 ipso
746 3724 860 3801 instr¹03
883 3725 910 3785 in
937 3743 992 3804 quo
1009 3723 1095 3785 eciam
1116 3723 1221 3786 instru-

180 3927 203 3964 t.
220 3909 258 3961 En
273 3927 305 3964 rn.
323 3906 449 3981 Aquisieio
463 3906 571 3962 eminulis
581 3905 637 3962 salis
652 3904 816 3960 mandamenti
832 3906 912 3961 Mure.
930 3936 963 3946 -
980 3922 1005 3960 2.
1022 3906 1059 3960 En
1074 3925 1106 3961 m.
1125 3907 1217 3978 Prepo-

133 3979 219 4038 siture
234 3978 319 4034 Sancti
333 3979 440 4034 Andree.
457 4011 491 4022 -
526 4021 532 4032 .
548 3978 586 4031 En
601 3995 633 4031 m.
649 3978 718 4031 Nota
739 3975 844 4048 qualiter
862 3974 929 4031 dom.
949 3976 1102 4032 Bertrandus
1116 3976 1146 4031 de
1160 3974 1219 4047 lnja·

133 4050 262 4178 lssagrgesqist
285 4051 360 4104 homo
384 4048 450 4104 doni
473 4047 581 4121 daphini
605 4057 630 4101 et
653 4054 720 4101 tenet
741 4046 772 4102 ab
793 4063 822 4100 eo
844 4044 883 4101 illa
903 4064 950 4117 que
963 4055 1030 4103 tenet
1044 4047 1109 4121 apud
1124 4046 1218 4102 Vallem
