2716 4784
610 393 747 451 ..6-

142 525 207 600 lata,
219 525 320 604 scripta
333 523 385 584 sub
408 541 481 584 anno
503 523 557 586 Drli
584 529 834 598 M⁰CCC⁰XXXV⁰,
863 523 1009 585 continens
1027 523 1105 604 quod
1130 523 1212 585 dictus

141 620 217 682 dom.
229 621 379 701 imperator
395 619 537 682 dominum
554 632 679 682 nostrum
696 619 879 681 llumbertum
899 619 1059 700 dalphinum
1076 606 1212 681 Viennen-

140 736 199 780 sem
216 716 402 781 constituebat
413 730 623 797 procuratorem
634 717 661 778 in
674 716 803 779 omnibus
817 716 874 778 suis
889 717 991 779 causis

185 831 229 889 ¹7·
250 818 328 888 Item,
344 813 428 893 qued.
444 813 539 876 lictere
554 835 570 875 a
585 813 761 876 serenissimo
777 812 925 893 Rudolpho
940 812 989 874 Dei
1009 812 1101 893 gratia
1116 820 1213 874 Roma-

141 928 239 970 norum
247 909 413 988 imperatore
428 925 554 972 emanate
567 911 711 992 sigilloque
726 931 776 972 suo
791 929 855 972 cera
870 911 932 972 alba
950 911 977 972 in
992 910 1127 990 pendenti
1141 910 1212 991 sigil-

139 1006 205 1080 late,
222 1006 327 1067 Vienne
343 1015 374 1066 11⁰
387 1025 476 1068 nonas
489 1008 566 1084 junii,
584 1007 660 1088 regni
678 1008 763 1088 ipsius
777 1027 850 1068 anno
874 1017 915 1082 νο,
932 1007 1110 1070 continentes
1140 1007 1208 1088 quod

139 1102 211 1164 dicta
226 1116 364 1183 magestas
376 1102 524 1183 imperialis
537 1103 686 1165 mandabat
699 1104 820 1186 bayllivo
845 1117 872 1165 et
900 1103 1038 1166 advocato
1057 1104 1209 1166 Phiriburci

139 1212 168 1259 et
180 1198 280 1259 ceteris
289 1197 462 1273 officialibus,
476 1212 506 1260 ut
516 1199 754 1281 archiepiscopum
772 1200 956 1261 Viennensem
970 1213 997 1262 et
1019 1220 1101 1262 suam
1127 1202 1212 1263 eccle-

141 1295 208 1357 siam
224 1307 251 1356 et
265 1294 341 1354 dom.
365 1295 547 1358 llumbertum
559 1296 598 1358 de
624 1302 713 1358 Turre
737 1310 764 1360 et
786 1297 821 1359 de
838 1296 1039 1380 Colongniaco,
1070 1297 1211 1360 senescal-

139 1392 195 1453 lum
212 1411 290 1453 suum
306 1391 383 1471 regni
398 1392 565 1468 Arelatensi,
582 1394 769 1457 deffendenta
784 1394 1004 1477 quibuscumque
1019 1397 1148 1477 personis
1164 1396 1211 1459 sibi

141 1500 170 1549 et
185 1506 281 1548 eorum
293 1486 420 1550 subiditis
435 1490 577 1552 ollendere
590 1491 758 1552 volentibus.

185 1584 228 1646 18.
247 1591 326 1659 ltem,
344 1584 603 1668 aliudprivilegium
627 1588 661 1649 ab
685 1587 867 1649 illustrissimo
898 1586 1067 1668 imperatore
1092 1590 1210 1666 alberto,

140 1701 214 1743 anno
224 1700 251 1741 vr
267 1680 344 1761 regni
358 1682 399 1743 sui
410 1684 524 1765 ejusque
541 1684 630 1765 sigillo
643 1703 727 1746 cereo
743 1684 771 1746 in
800 1685 932 1764 pendenti
945 1685 1106 1765 sigillatum,
1123 1689 1212 1751 datum

141 1778 193 1841 sub
208 1798 281 1840 anno
298 1780 351 1843 Diti
370 1787 557 1856 M⁰CCC⁰lll⁰,
574 1791 626 1843 vu⁰
640 1782 753 1843 kalend.
772 1782 892 1862 augusti,
904 1782 1000 1844 indict.
1019 1792 1051 1860 1³,
1071 1787 1212 1849 continens

140 1878 215 1958 quod
228 1878 301 1940 idem
321 1879 397 1941 dom.
427 1879 578 1958 imperator
607 1876 741 1951 laudavit,
770 1877 935 1958 approbavit
962 1893 990 1940 et
1011 1879 1160 1944 ratificavit
1185 1901 1212 1944 ac

139 1975 226 2037 eciam
242 1974 415 2037 confirmavit
432 1976 511 2035 dom⁰
539 1972 704 2047 llumberto‚
726 1972 856 2053 dalphino
880 1973 1019 2036 Viennesii
1043 1988 1074 2036 et
1105 1975 1212 2038 Albonis

138 2072 232 2134 comiti
248 2071 416 2152 dominoque
431 2071 466 2132 de
482 2078 581 2144 Turre,
602 2071 694 2132 omnia
707 2071 850 2152 privilegia
864 2071 916 2133 sibi
933 2085 961 2133 et
975 2071 1116 2153 dalphinis
1133 2074 1213 2136 Vien-

140 2170 208 2232 nesii
221 2183 249 2231 et
262 2169 375 2231 Albonis
389 2169 536 2231 comitibus
549 2169 723 2250 dominisque
737 2172 772 2230 de
785 2176 885 2245 Turre,
901 2169 1151 2251 predecessoribus
1163 2173 1212 2234 suis

140 2283 276 2331 eteorum
289 2269 437 2331 heredibus
454 2289 587 2333 concessa
602 2269 737 2332 abinclite
752 2270 957 2332 recordacionis
975 2254 1054 2332 dom⁰
1069 2273 1212 2354 Rodulpho

142 2374 328 2429 Romanorum
344 2386 410 2447 rege
424 2379 452 2430 et
463 2368 521 2429 aliis
530 2368 643 2448 regibus
658 2367 902 2448 predecessoribus
912 2368 979 2430 suis.

184 2482 227 2546 19.
244 2472 323 2541 ltem,
335 2464 421 2545 quod.
439 2465 512 2526 aliud
529 2464 702 2545 privilegium
714 2465 748 2526 ab
760 2465 893 2546 imperiali
908 2479 1062 2546 magestate
1078 2464 1211 2546 Rodulpbi

86 2621 89 2627 ,
142 2561 196 2638 Dei
207 2561 294 2642 gratia
313 2569 499 2623 Romanorum
510 2561 583 2641 regis
596 2581 706 2642 semper
719 2562 828 2642 augusti
846 2576 1015 2637 emanatum‚
1032 2581 1108 2624 anno
1131 2563 1212 2644 ipsius

141 2659 219 2739 regni
229 2667 270 2719 x1⁰
282 2659 396 2740 ejusque
409 2659 484 2719 bulla
498 2677 579 2721 cerea
593 2659 620 2720 in
646 2659 777 2739 pendenti
791 2659 949 2740 sigillatum,
966 2660 1115 2722 continens
1141 2659 1210 2742 quod

139 2756 199 2835 ipsa
212 2754 288 2834 regia
303 2768 441 2834 magestas
457 2755 560 2841 recepit
576 2755 696 2817 insuam
711 2755 816 2818 salvam
839 2755 972 2836 guardam
995 2769 1023 2817 et
1046 2757 1211 2818 conductum

140 2853 260 2915 nobilem
276 2853 365 2913 virum
392 2852 468 2914 dom.
487 2852 670 2922 Humbertum
689 2853 848 2933 dalphinum
875 2852 967 2915 eundo
979 2867 1008 2915 et
1020 2854 1166 2916 redeundo
1180 2853 1211 2915 ad

139 2949 258 3013 eundem
272 2949 348 3011 dom.
366 2949 560 3029 imperatorem
576 2963 603 3013 et
627 2949 726 3012 stando
739 2950 767 3011 in
775 2949 865 3011 'domo
880 2951 965 3030 ipsius
982 2965 1010 3012 et
1021 2951 1168 3013 redeundo
1180 2949 1211 3011 ad

139 3047 252 3108 domum
265 3047 415 3127 propriam,
432 3047 490 3108 sive
504 3047 695 3109 reconsiliatus
709 3046 792 3108 luerit
808 3065 871 3108 cum
888 3046 1036 3108 comitibus
1054 3048 1210 3128 Burgondie

140 3158 168 3206 et
183 3143 321 3207 sabaudie
335 3143 393 3206 sive
413 3163 480 3206 non.

183 3258 229 3304 zo.
244 3248 323 3317 ltem,
340 3241 425 3322 qued.
442 3240 538 3302 lictera
558 3239 707 3320 imperialis
727 3261 744 3302 a
772 3240 846 3302 dicto
859 3240 935 3315 dom.
958 3239 1078 3302 Rodulfo
1095 3241 1212 3322 impera-

64 3404 66 3410 ,
138 3353 199 3400 tore
213 3352 350 3414 emanata,
370 3357 443 3399 anno
456 3335 509 3398 Dii
522 3343 620 3397 lll⁰CC.
631 3345 788 3425 nonag⁰l⁰,
805 3337 949 3399 continens
962 3337 1038 3417 quod
1053 3337 1116 3418 ipse
1139 3339 1210 3400 dont.

139 3435 291 3516 imperator
301 3435 378 3497 dedit
392 3434 470 3495 dom⁰
485 3432 667 3515 ll(umbert‘o)
681 3434 812 3515 dalphino
825 3435 939 3516 gardam
950 3448 977 3496 et
987 3434 1081 3497 omnia
1091 3435 1153 3514 iura
1164 3454 1212 3516 que

140 3530 260 3593 habebat
273 3531 301 3591 in
318 3529 498 3604 monasterio,
515 3529 580 3590 villa
597 3543 625 3591 et
637 3531 814 3610 pertinenciis
832 3530 924 3592 Sancti
940 3530 1065 3610 Eugendi
1080 3531 1210 3594 lurensis.

180 3647 228 3692 21.
247 3635 326 3703 Item,
343 3627 430 3709 quod.
445 3626 519 3687 aliud
533 3626 705 3708 privilegium
716 3647 766 3707 per
780 3626 985 3689 serenissimum
998 3626 1152 3691 liudolfum
1168 3625 1213 3688 Dei
1255 3618 1257 3622 '

139 3727 226 3810 gratia
243 3733 429 3787 Romanorum
444 3742 539 3805 regem
546 3744 709 3787 concessum
720 3726 834 3806 ejusque
847 3724 936 3805 sigillo
950 3724 978 3784 in
990 3723 1126 3803 pendenti
1141 3725 1213 3806 sigil-

138 3824 234 3900 latum,
244 3821 296 3884 sub
303 3841 376 3884 anno
390 3822 443 3884 Drii
458 3821 1074 3903 M⁰CC⁰optuag⁰lX⁰,1111⁰idusmaii,indic.
1088 3823 1216 3905 11³,regni

138 3941 206 3983 vero
222 3920 309 4001 ipsius
324 3929 394 3995 xv10,
411 3920 556 3983 continens
570 3920 753 3982 donacionem
765 3919 915 4000 peripsum
928 3919 1005 3981 dom.
1017 3919 1217 4000 imperatorem

138 4017 238 4077 iactam
255 4017 397 4096 spectabili
414 4018 474 4079 viro
489 4018 565 4080 dom.
593 4019 757 4092 llumberto,
774 4017 904 4099 dalphino
920 4017 1083 4092 Viennensi,
1102 4019 1139 4080 de
1157 4038 1218 4082 cas-

138 4127 182 4175 tro
194 4127 221 4175 et
231 4114 315 4176 leudo
328 4115 409 4176 castri
419 4129 448 4177 et
461 4115 637 4196 pertinenciis
652 4115 687 4175 de
697 4114 847 4194 llontilio.v
1246 4129 1248 4133 ·
