2716 4784
605 415 644 427 -
666 382 684 440 8
704 414 742 426 ..

141 512 290 575 mandabat
301 510 375 592 quod
390 510 426 571 ad
440 510 515 572 omni
528 507 787 571 vinculohdelitatis
801 520 828 568 et
843 506 974 587 homagii,
987 525 1044 587 quo
1055 505 1108 567 sibi
1131 524 1211 567 causa

140 626 376 692 quorumcumque
391 620 556 681 castrorum,
572 619 719 680 terrarum,
747 605 883 679 locorum,
900 604 998 682 jurium
1016 617 1045 665 et
1058 602 1212 681 juridictio-

53 752 60 761 .
139 726 204 768 num
220 718 279 767 erat
285 703 424 776 astrictus,
442 715 516 764 esset
528 703 637 783 penitus
651 701 794 763 absolutus
802 714 830 762 et
842 700 877 761 de
888 700 955 780 ipsis
968 700 1020 780 ipsi
1035 701 1211 780 imperatorie

140 801 285 882 magestati
301 801 337 861 de
352 813 446 861 cetero
461 799 653 879 responderet.

182 898 229 959 26.
247 905 326 969 ltem,
339 897 425 976 quod.
442 896 516 957 aliud
529 897 702 977 privilegium
716 896 752 958 ab
762 896 938 977 imperatoria
949 906 1117 976 magestate,
1128 894 1210 955 videl.

142 994 306 1075 Fredeliquo
319 1000 505 1054 Romanorum
521 1013 598 1074 rege,
609 1007 766 1055 emanatum
777 993 891 1073 eiusque
906 991 994 1072 sigillo
1005 991 1033 1052 in
1043 1011 1210 1072 pargameno

139 1091 225 1172 ipsius
241 1090 376 1171 privilegii
391 1089 495 1165 inviro,
508 1090 639 1170 scriptum
650 1090 702 1152 sub
713 1109 785 1151 anno
802 1085 890 1151 Dirice
909 1074 1209 1158 lncamac.'M⁰C.LV⁰,

139 1187 223 1248 indic.
249 1208 289 1262 ve,
319 1207 393 1248 anno
414 1172 530 1269 imperii
545 1188 668 1267 ejusdem
698 1197 751 1262 111⁰,
779 1186 924 1248 continens
946 1184 1020 1266 quod
1036 1184 1212 1246 Berthoudus

140 1283 268 1345 dominus
281 1284 452 1363 Burgondie,
461 1284 498 1344 ⁴in
512 1283 655 1363 presencia
673 1283 738 1345 dicti
755 1283 831 1343 dom.
847 1281 1020 1362 imperatoris
1034 1281 1210 1352 constitutus,

141 1378 263 1441 donabat
281 1379 400 1460 Guigoni
416 1380 547 1460 dalphino
562 1380 692 1460 quicquid
706 1380 772 1458 juris
789 1378 909 1440 habebat
924 1397 957 1439 ex
973 1377 1136 1439 sucessione
1153 1395 1212 1457 pre

142 1477 320 1539 decessorum
330 1495 443 1537 suorum
457 1476 485 1537 in
501 1476 612 1537 civitate
626 1477 742 1552 vienne,
755 1475 900 1536 continens
917 1474 1004 1536 eciam
1020 1472 1213 1535 confirmacio-

141 1593 204 1635 nem
219 1572 370 1654 supradicti
384 1573 460 1634 dom.
476 1573 650 1653 imperatoris
668 1586 687 1633 ¹.

184 1783 231 1844 ²7·
251 1773 329 1841 ltem,
346 1766 466 1847 quedam
477 1766 613 1846 scriptura
623 1785 819 1847 pargamenea,
834 1785 888 1846 que
902 1765 1020 1827 condam
1036 1766 1215 1845 plurimorum

142 1864 291 1945 sigillorum
306 1865 357 1926 fuit
373 1865 490 1945 sigillata
507 1879 537 1926 ut
551 1865 578 1926 in
590 1866 649 1945 ipsa
672 1865 807 1945 scriptura
821 1865 931 1944 legitur,
947 1865 1049 1943 scripta
1075 1865 1130 1926 sub
1146 1885 1215 1926 anno

144 1961 253 2037 Domini
270 1968 511 2037 M⁰CC.XXXVI⁰,
525 1971 579 2021 11110
590 1981 678 2022 nonas
690 1961 796 2036 marcii,
815 1962 959 2023 continens
980 1974 1178 2023 testamentum
1192 1975 1216 2022 et

142 2058 264 2119 ultimam
279 2057 448 2119 voluntatem
464 2057 611 2119 recolende
626 2058 757 2119 memorie
779 2058 852 2120 dom¹
867 2057 976 2119 Andree
992 2057 1120 2138 dalphini
1138 2059 1215 2120 vien

142 2155 247 2229 nensis,
266 2154 312 2234 qui
326 2154 468 2217 constituit
482 2175 561 2216 suum
590 2154 721 2217 heredem
747 2155 931 2217 universalem
958 2156 1034 2217 dom.
1060 2156 1214 2236 Guigonem

142 2249 227 2311 hlium
243 2270 332 2312 suum.
974 2235 981 2244 ⁷

183 2346 231 2408 28.
245 2353 324 2422 Item,
341 2348 424 2428 qued.
438 2348 531 2411 lietera
548 2349 575 2410 in
590 2349 722 2430 pendenti
738 2351 855 2431 sigillata
870 2350 959 2430 sigillo
974 2350 1067 2412 inclite
1083 2352 1216 2413 recorda-

141 2443 229 2505 cionis
239 2444 316 2504 dom⁰
329 2445 471 2520 Beatricis,
487 2447 598 2508 duxisse
611 2459 639 2508 et
650 2447 780 2527 dalphine
800 2447 974 2522 Viennensis,
990 2449 1042 2510 sub
1071 2468 1147 2511 anno
1164 2444 1215 2509 Drii

143 2546 383 2618 m⁰cc⁰xxvt11⁰,
402 2542 447 2604 die
460 2543 522 2605 festi
545 2543 618 2606 beati
642 2543 788 2626 Nicholay,
801 2544 945 2605 continens
966 2557 1166 2608 testamentum
1191 2559 1216 2606 et

141 2637 263 2700 ultimam
279 2639 449 2701 voluntatem
464 2641 537 2702 dicte
550 2640 777 2718 domrduchisse,
797 2660 851 2721 que
873 2641 988 2702 instituit
1004 2641 1055 2701 sibi
1086 2642 1215 2710 heredem

142 2735 218 2796 dom.
248 2736 385 2797 Andream
415 2737 585 2818 dalphinum,
620 2737 705 2799 hlium
725 2758 816 2814 suum,
832 2752 860 2800 et
873 2737 962 2799 eidem
985 2737 1128 2800 substituit
1140 2740 1213 2800 dom.

142 2831 297 2911 Guigonem
309 2831 394 2892 filium
407 2832 492 2912 ipsius
507 2834 583 2895 dom.
597 2835 717 2896 Andree.

241 2924 243 2929 '
472 2939 593 2995 nonnu
613 2942 657 2994 nn
676 2940 882 2995 CHAMBONE.

182 3040 229 3104 ²9·
244 3031 322 3099 Item,
336 3025 476 3105 quoddam
491 3027 630 3107 publicum
653 3028 864 3089 instrumentum
881 3029 1012 3108 scriptum
1026 3049 1112 3091 manu
1129 3038 1216 3092 Hum-

140 3120 210 3183 berti
223 3121 333 3204 (Pilati)
356 3123 455 3184 notarii
479 3124 592 3204 publici,
612 3124 663 3186 sub
689 3144 761 3187 anno
781 3125 833 3185 Drii
854 3132 1094 3201 M⁰CCC⁰XLlll⁰,
1119 3127 1212 3189 indict.

139 3237 191 3295 xro,
206 3219 250 3280 die
259 3238 330 3281 xviia
344 3221 446 3282 mensis
462 3221 628 3296 decembris,
647 3222 792 3284 continens
807 3223 957 3303 quodcum
972 3223 1085 3284 illustris
1103 3237 1131 3285 et
1158 3245 1216 3285 ma-

139 3314 255 3396 gnificus
269 3318 398 3397 princeps
413 3318 489 3379 dom.
501 3317 670 3379 Humbertus
680 3319 827 3399 dalphinus
838 3319 1001 3381 Viennensis
1021 3321 1181 3384 vendiderit
1191 3336 1216 3384 et

138 3413 218 3476 titulo
233 3413 404 3476 vendicionis
413 3414 527 3476 cesserit
542 3427 570 3475 et
584 3416 753 3477 concesserit
765 3416 825 3476 viro
839 3416 952 3496 (nobili)
966 3416 1042 3477 dom.
1071 3418 1216 3480 Guillelmo

140 3511 252 3590 Rogerii
269 3510 356 3587 militi,
376 3510 488 3572 domino
503 3512 537 3573 de
554 3512 715 3573 Chambone
730 3527 757 3575 et
781 3513 816 3574 de
832 3519 934 3575 Sancto
951 3514 1104 3593 Exuperio,
1120 3535 1173 3594 pro
1189 3534 1216 3576 se

138 3620 166 3668 et
181 3607 237 3668 suis
253 3607 401 3669 heredibus
412 3623 514 3685 castra,
526 3609 710 3683 castellanias,
724 3611 857 3686 maneria,
869 3612 1007 3691 repparia,
1024 3611 1106 3673 villas
1116 3626 1146 3674 et
1160 3612 1217 3674 loca

138 3719 238 3768 vocata
252 3706 287 3767 de
301 3713 391 3769 Ponte
406 3707 506 3781 castri,
523 3706 557 3768 de
575 3715 677 3788 Vayra,
694 3707 729 3768 de
746 3707 901 3782 Montonio,
915 3708 950 3768 de
966 3715 1069 3769 Sancto
1082 3709 1216 3782 Marciali,

138 3801 174 3863 de
185 3802 226 3864 las
244 3803 414 3878 Martras,de
431 3804 581 3883 Lengiaco,
595 3804 631 3865 de
647 3804 805 3880 Brocolhia,
818 3805 853 3866 de
861 3805 1037 3878 hlbussonio,
1055 3819 1084 3869 et
1099 3828 1220 3888 genera-

137 3897 199 3980 liter
209 3900 301 3963 omnia
318 3900 370 3961 alia
381 3913 408 3961 et
422 3900 529 3980 singula
544 3920 599 3982 que
613 3900 686 3962 idem
702 3902 777 3962 dom.
798 3902 945 3982 dalphinus
956 3903 1093 3981 habebat,
1104 3908 1221 3971 tenebat

178 4120 199 4157 1.
216 4103 253 4157 En
269 4121 367 4174 marga:
383 4104 465 4177 Usque
481 4103 529 4176 hic,
545 4104 680 4159 dest-tl-dire
694 4104 763 4177 qu'ici
776 4124 800 4160 se
814 4105 931 4162 terminent
947 4108 979 4162 les
993 4106 1130 4180 privillgcs.
