2716 4784
596 387 754 448 ..28-

184 539 247 600 ¹¹9·
267 527 345 594 Item,
366 517 452 598 quod.
476 519 512 579 al.
538 518 749 578 instrumentum
772 517 917 579 continens
943 516 1103 597 homagium
1127 515 1210 596 ligium

138 617 237 678 nobilis
253 616 399 678 lohannini
413 623 500 696 laque
517 615 553 677 de
565 614 672 677 Albone
687 635 737 696 per
751 634 814 676 eum
829 614 973 695 prestitum
983 613 1063 676 dom⁰
1078 612 1210 693 dalphino,

137 714 269 795 scriptum
287 733 369 775 manu
383 713 465 794 Guig.
482 713 622 774 Frumenti
644 713 744 774 notarii
759 711 850 792 publ.,
873 731 947 773 anno
971 710 1133 773 Natiuitatis
1146 709 1211 789 eius-

137 811 201 873 dem
220 812 477 883 ttuttcxxxutto,
494 809 573 875 indit.
594 822 636 884 ιν,
650 809 695 870 die
712 823 743 869 ιι3
760 809 863 870 mensis
878 808 1003 886 januarii.

185 924 249 966 120.
268 911 347 980 item,
363 904 449 985 quod.
472 905 508 965 al.
537 906 747 966 instrumentum
770 905 916 966 continens
941 904 1102 984 homagium
1129 902 1211 983 ligium

138 1001 240 1066 nobilis
256 1000 364 1062 Girardi
379 1000 494 1081 sycardi
509 1000 544 1061 de
559 1000 666 1062 Albone
679 1021 729 1081 per
746 1020 809 1062 eum
824 1001 967 1081 prestitum
983 1001 1063 1062 dom⁰
1079 1000 1210 1081 dalphino,

137 1100 269 1180 scripturn
285 1098 328 1178 (ut
347 1098 426 1178 119),
446 1098 490 1159 die
508 1117 550 1158 rua
565 1117 654 1160 mens.
674 1099 800 1177 ianuarii.

183 1215 246 1257 ιιι.
276 1202 363 1267 ltem,
386 1194 474 1275 quod.
504 1194 668 1274 rescriptum
692 1195 874 1274 apostolicum
900 1194 1048 1256 continens
1075 1193 1213 1274 dispensa-

137 1290 240 1351 tionem
260 1289 425 1352 matrimonii
446 1290 523 1351 dom⁰
540 1290 673 1352 Beatricis
692 1290 727 1351 de
751 1291 868 1365 Vienna,
894 1289 948 1351 filie
975 1289 1049 1351 dotni
1078 1287 1212 1351 Humberti

138 1387 346 1468 dalphinibone
364 1387 507 1460 memorie,
536 1406 568 1448 ac
593 1387 665 1448 domi
694 1387 820 1467 Hugonis
846 1387 882 1448 de
904 1386 1050 1462 cabilone,
1079 1385 1128 1446 lilii
1152 1386 1213 1447 dorol

138 1485 271 1546 Johannis
284 1485 319 1546 de
335 1483 479 1560 Cabilone,
496 1483 609 1544 missum
625 1503 674 1564 per
688 1503 788 1564 papam
801 1483 982 1545 Benedictum
999 1482 1133 1562 predictis
1147 1482 1213 1543 dom⁰

141 1581 251 1662 Hugoni
266 1595 294 1643 et
309 1582 388 1643 dome
400 1581 561 1662 B(eatrici),
578 1580 711 1642 bullatum
727 1579 800 1641 bulla
813 1579 942 1660 plumbea
957 1580 984 1640 in
999 1579 1134 1660 pendenti
1147 1578 1214 1640 firma

138 1677 185 1739 filo
201 1677 288 1740 rubeo
303 1693 330 1740 et
344 1698 445 1741 croceo
459 1692 478 1740 ¹.

184 1792 247 1837 122.
267 1783 345 1851 ltem,
362 1777 448 1856 quod.
466 1776 539 1837 aliud
556 1776 768 1838 instrumentum
784 1774 917 1855 scriptum
942 1794 1026 1836 manu
1047 1776 1133 1856 Guig.
1154 1782 1215 1836 tru-

139 1872 223 1935 menti
239 1872 339 1936 notarii
353 1871 444 1953 publ,
461 1872 513 1934 sub
535 1891 608 1935 anno
624 1872 679 1934 Dr'ri
704 1873 973 1948 M0111⁶XXXV1110,
998 1872 1085 1935 indic.
1106 1886 1159 1950 vu,
1179 1872 1214 1934 die

138 1990 215 2033 xxixa
229 1972 332 2034 mensis
354 1970 460 2051 aprilis,
478 1971 623 2054 continens
644 1971 719 2051 quod
737 1971 848 2033 illustris
876 1971 1006 2053 princeps
1031 1971 1112 2034 dom.
1137 1979 1215 2033 Hum-

139 2069 234 2130 bertus
249 2069 397 2150 dalphinus
411 2069 574 2132 Viennensis
594 2069 660 2132 lecit
676 2069 835 2153 homagium
859 2070 977 2132 ecclesie
991 2070 1027 2131 de
1052 2070 1217 2132 Romaniset

139 2164 365 2245 recognicionem
382 2165 417 2226 de
432 2178 524 2227 castro
538 2165 693 2242 Pisansani,
709 2185 793 2246 supra
804 2166 891 2227 altare
905 2165 979 2228 dicte
994 2165 1117 2228 ecclesie
1135 2163 1217 2228 Sancti

141 2261 287 2337 Barnardi,
304 2260 382 2339 cujus
395 2262 545 2343 capitulum
560 2282 622 2325 cum
643 2276 703 2326 toto
723 2263 810 2338 clero,
829 2283 891 2325 cum
907 2282 991 2326 cruce
1014 2277 1044 2325 et
1062 2264 1125 2326 aliis
1141 2283 1215 2326 orna·

140 2361 239 2423 mentis
245 2361 345 2435 induti,
353 2361 428 2423 venit
438 2361 529 2423 oviam
540 2361 615 2423 dicto
626 2361 704 2422 dom⁰
717 2359 1055 2441 H(umberto)dalphino,
1064 2360 1104 2422 ad
1114 2360 1216 2423 domum

139 2457 235 2520 iacobi
252 2458 406 2540 Coyraterii
426 2458 573 2538 burgensis
596 2458 728 2519 Romanis
751 2457 849 2542 inqua
868 2456 1052 2519 dictusdom.
1079 2456 1217 2538 dalphinus

139 2570 199 2618 erat
220 2555 385 2638 hospitatus,
411 2555 559 2636 ipsumque
579 2554 655 2616 dom.
673 2554 834 2635 dalphinum
857 2554 960 2616 dictum
986 2553 1141 2634 capitulum
1164 2572 1216 2615 cum

138 2650 199 2732 ipso
216 2652 292 2713 clero
307 2650 427 2713 duriter
443 2651 577 2712 asociavit
593 2670 681 2733 usque
695 2650 733 2712 ad
752 2650 855 2712 dictam
870 2650 1029 2726 ecclesiam,
1045 2650 1096 2712 ubi
1111 2638 1218 2732 prestitit

139 2747 298 2829 homagium
313 2747 514 2828 supradictum.

185 2862 250 2919 123.
269 2851 348 2919 ltem,
366 2843 454 2925 qued·
471 2844 560 2906 littera
577 2857 687 2924 reperta
704 2844 821 2924 sigillata
841 2844 962 2924 quodam
977 2863 1066 2924 parvo
1087 2845 1176 2926 sigillo
1195 2844 1217 2904 in

141 2941 273 3022 pendenti
293 2941 368 3002 Petri
389 2939 545 3002 Ysimbardi
571 2941 639 3002 civis
665 2940 839 3016 Viennensis,
864 2941 1011 3003 continens
1036 2942 1115 3023 quod
1139 2943 1217 3004 dictus

143 3045 242 3100 Peuus
255 3037 307 3099 luit
320 3037 465 3100 confessus
481 3037 611 3099 habuisse
624 3027 662 3098 ah
674 3037 772 3099 illustri
793 3038 870 3100 dom.
894 3037 1024 3118 Guigone
1046 3038 1177 3120 dalphino
1189 3038 1218 3098 dc

141 3148 253 3197 moneta
264 3134 349 3216 ipsius
364 3113 529 3216 quirigentas
545 3132 628 3195 libras
642 3132 779 3195 bonorum
799 3135 935 3196 Viennen.
955 3154 990 3196 ex
1014 3154 1103 3197 causa
1127 3134 1216 3207 mutui,

140 3233 331 3295 renunciando
345 3232 507 3314 excepcioni
522 3231 596 3293 dicte
611 3231 728 3311 pecunie
744 3251 800 3293 non
814 3230 918 3294 habite.

187 3349 251 3410 ¹24·
271 3338 349 3408 Item,
367 3331 454 3411 quod.
477 3331 690 3392 instrumentum
704 3329 849 3391 continens
863 3327 1055 3390 remissionem
1064 3329 1166 3394 factam
1177 3347 1219 3410 per

143 3426 284 3490 dominum
312 3427 440 3490 Brissiaci
463 3426 581 3488 iohanni
604 3426 771 3508 athenulphi
797 3426 833 3488 de
859 3434 954 3488 Monte
983 3426 1086 3488 Mirato
1112 3425 1219 3504 deeius

143 3524 284 3604 homagio,
311 3524 443 3604 scriptum
467 3542 550 3584 manu
577 3521 707 3584 Guioneti
729 3522 764 3583 de
789 3522 985 3584 Montemirato
1004 3522 1057 3584 sub
1075 3541 1151 3584 anno
1175 3520 1220 3582 uni

145 3623 343 3683 nt⁰1110xxx⁰.

108 3779 109 3782 ,
191 3735 255 3797 125.
274 3724 353 3793 item,
369 3716 456 3799 quod.
471 3716 683 3778 instrumentum
700 3715 846 3777 continens
862 3715 1043 3778 donationem
1063 3716 1167 3780 factam
1181 3733 1222 3796 per

148 3817 321 3878 Odobertum
336 3815 477 3878 dominum
492 3815 527 3876 de
542 3819 641 3876 Castro
664 3819 745 3874 Novo
760 3813 837 3875 dom⁰
853 3813 973 3894 Guigoni
993 3814 1133 3896 dalphino
1148 3815 1224 3878 Vien-

147 3913 227 3974 nensi
241 3913 392 3993 quondam,
409 3914 444 3974 de
457 3913 509 3975 hiis
522 3933 576 3994 que
588 3912 710 3974 habebat
725 3925 753 3973 et
767 3911 928 3992 possidebat
943 3911 970 3972 in
988 3912 1189 3976 mandamento
1202 3924 1224 3972 et

186 4130 206 4169 r.
222 4114 259 4169 En
275 4133 306 4172 m.
323 4117 356 4170 Aa
371 4116 518 4175 Ponendum
533 4133 588 4172 cum
603 4114 692 4172 licteris
707 4115 869 4189 patientibus.
884 4091 888 4098 ἱ
