2716 4784
244 536 322 599 dom.
336 536 477 600 lohannes
489 536 618 601 dominus
628 539 732 602 Montis
746 538 884 615 Falconis,
897 538 975 601 dom.
994 542 1104 603 ΡΜ
1115 538 1245 603 domlttut
1254 542 1313 603 na

243 633 355 697 tillionis
365 633 392 695 in
407 634 554 711 nichaula,
569 634 646 698 dom.
661 636 754 699 Guido
771 636 808 699 de
831 634 1065 717 Monteluppello,
1083 634 1314 699 dominuscnll·

242 728 326 793 lionis
337 730 365 793 in
377 730 560 807 chautannin
570 745 599 795 et
612 732 737 815 pluribus
751 732 813 795 aliis
822 750 879 815 que
891 751 908 796 a
921 731 997 795 dicta
1012 732 1134 795 domina
1146 732 1313 797 tenebamur:

245 844 301 907 que
312 826 423 907 quidem
437 827 520 889 reuda
533 827 635 891 tradita
642 828 753 892 luerunt
767 827 847 891 dom⁰
858 828 951 891 comiti
966 846 1021 909 per
1034 827 1110 891 dict.
1126 828 1263 893 domim
1273 826 1315 891 ab

246 922 332 985 certis
345 923 436 986 modis
451 936 480 987 et
493 924 704 989 condicionibus
722 926 751 988 in
762 926 823 1007 ipsa
837 924 927 987 littera
954 924 1103 989 contentis
1118 938 1150 989 et
1166 925 1314 1009 designetit,

246 1032 276 1083 et
290 1020 381 1082 dictus
396 1039 491 1083 comes
505 1022 603 1085 eadem
618 1022 736 1085 reddere
750 1021 871 1086 debebat
884 1021 959 1086 dicte
974 1020 1097 1087 domine
1110 1022 1161 1086 rel
1174 1022 1232 1087 suis
1247 1029 1317 1105 pron

245 1116 276 1179 in
289 1117 349 1199 ipsa
361 1117 452 1181 littera
464 1119 632 1181 continetur.

291 1214 376 1279 1601.
392 1222 471 1292 ltem,
483 1215 570 1297 quod.
581 1214 659 1298 publ.
672 1216 883 1281 instrumentum
891 1218 1026 1299 scripturn
1037 1214 1317 1281 manulacsbiffire

247 1312 311 1375 terii
334 1313 435 1375 notarii
456 1313 533 1394 publ.
551 1314 604 1377 sub
619 1332 694 1377 anno
720 1316 773 1377 ott
803 1320 904 1379 ΜΕ·
917 1324 1035 1397 octuap
1047 1322 1133 1393 v11·,
1148 1314 1234 1377 indic.
1244 1324 1315 1387 artur,

247 1425 343 1471 mense
359 1408 506 1484 novenbri,
525 1410 569 1472 die
589 1410 653 1473 lune
679 1424 744 1474 ante
757 1412 857 1475 iestum
887 1412 913 1475 b'
939 1411 1054 1475 andree
1070 1410 1198 1493 apostoli
1213 1408 1316 1473 cibum

247 1504 357 1568 calend.
372 1506 539 1583 decembris,
550 1508 696 1571 continens
705 1508 889 1572 donacionem
900 1510 1005 1571 lamam
1015 1526 1071 1591 per
1080 1506 1149 1571 ill*
1159 1508 1239 1571 dota.
1248 1506 1318 1589 ³(st

246 1602 360 1685 tricem)
376 1602 533 1685 dalphinum
548 1603 687 1666 dominam
702 1606 860 1689 Fucigniaci
873 1604 909 1667 itl
922 1606 983 1667 viro
996 1604 1079 1667 dom.
1097 1606 1257 1669 Humbemo
1267 1600 1319 1665 tul·

249 1700 334 1783 pbino
347 1702 494 1763 viennensi
504 1701 539 1764 de
548 1716 641 1765 castro
654 1704 690 1765 de
707 1704 747 1767 les
758 1704 858 1787 t‘leyet
867 1716 999 1767 etcum
1013 1702 1052 1764 de
1058 1702 1165 1767 verda
1175 1716 1205 1767 et
1216 1700 1318 1785 plurim

249 1800 364 1861 aliorum
379 1812 543 1875 castrorum,
558 1799 705 1863 teudonmt
721 1814 749 1863 et
764 1801 948 1863 dominiorum
961 1800 990 1861 in
1009 1798 1088 1863 dicta
1105 1800 1320 1865 limoracnntco·

248 1908 352 1970 torum,
368 1896 420 1958 sub
430 1896 520 1960 modis
530 1910 559 1959 et
572 1896 777 1962 conditionibus
789 1898 890 1979 inipso
903 1896 1054 1961 contentis.

297 1996 381 2055 1602.
413 1999 492 2070 item,
521 1994 606 2075 qued.
639 1994 735 2058 lietera
760 1994 870 2058 dnobus
894 1994 991 2075 sigillis
1012 1993 1043 2055 in
1055 1992 1318 2077 pendeatitlgillm,

249 2090 354 2171 scripta
369 2092 420 2153 sub
444 2111 518 2155 anno
545 2092 597 2154 Diti
623 2098 889 2168 tt⁰ce⁰txx⁰vn⁰,
912 2090 959 2153 die
982 2089 1132 2155 dominico
1150 2090 1320 2155 medem

251 2189 440 2269 apostolorum
451 2190 579 2271 symonis
595 2202 624 2251 et
635 2189 716 2264 lude,
738 2189 884 2253 continens
899 2186 974 2269 quod
990 2187 1023 2248 d²
1048 2194 1152 2251 loona
1173 2182 1321 2251 efflue

251 2292 312 2347 tatz
324 2300 352 2350 et
365 2293 464 2351 Petrus
478 2288 538 2366 ejus
548 2286 620 2349 lilius
634 2287 803 2350 mandabant
818 2290 903 2347 Petro
918 2284 1032 2347 domino
1058 2283 1099 2347 de
1120 2278 1282 2347 camilborre
1297 2280 1321 2343 it

254 2383 391 2447 Michallia
415 2399 445 2448 ut
468 2384 626 2465 homagium
643 2397 672 2449 et
691 2384 863 2459 fidelitatem,
885 2382 915 2443 in
937 2379 1039 2464 quibus
1054 2376 1155 2445 eidem
1174 2380 1321 2455 terem,

252 2494 389 2563 prestaret
399 2496 427 2544 et
440 2482 544 2545 faceret
556 2481 592 2543 ill
605 2482 666 2543 viro
689 2480 766 2543 dom.
785 2479 939 2543 elumbem
953 2462 1068 2541 domino
1082 2478 1123 2541 de
1132 2484 1236 2543 turre.

300 2581 383 2659 1603.
407 2587 486 2656 ltetn,
516 2578 603 2660 quod.
629 2578 706 2659 publ.
724 2579 938 2641 instrumentum
960 2576 1095 2657 scriptum
1116 2594 1209 2639 manu
1235 2570 1323 2637 llud}

256 2675 337 2738 Pilati
358 2689 418 2739 not.
433 2676 501 2758 pub.
519 2675 571 2738 sub
587 2694 661 2737 anno
683 2676 738 2737 uni
752 2672 1106 2749 tt⁰ccc⁰xc11110,indic.
1119 2686 1187 2748 κω,
1205 2672 1252 2735 die
1262 2680 1323 2733 tout·

256 2773 358 2836 nensis
371 2774 475 2854 aprilis,
490 2773 636 2837 continens
650 2772 846 2854 quittacionem
860 2772 934 2854 quod
947 2768 1048 2833 nobilis
1063 2768 1111 2831 vir
1128 2770 1211 2833 dom.
1225 2766 1325 2831 odel

256 2888 317 2931 mus
327 2870 363 2931 de
375 2871 524 2951 Compesio
551 2870 629 2933 miles
655 2869 738 2933 solvit
759 2884 788 2933 et
812 2868 947 2951 quictuvit
959 2868 1037 2929 dom.
1054 2866 1223 2948 dalphinum
1236 2866 1273 2929 de
1283 2864 1324 2927 11¹

256 2967 354 3028 lloren.
380 2962 582 3030 ·Florentie'vel
595 2968 670 3030 drea
690 2980 719 3030 et
731 2966 769 3029 de
784 2967 844 3030 aliis
857 2964 986 3029 omnibus
1008 2976 1039 3027 et
1061 2962 1326 3046 singulisdebitisct

256 3061 475 3145 obligacionibus
489 3064 719 3146 quibuscumque,
733 3063 872 3145 inquibus
884 3063 975 3125 dictus
986 3060 1064 3122 dom.
1078 3060 1235 3143 delphinus
1247 3058 1327 3123 eidem

257 3161 333 3223 dom.
348 3162 493 3224 Guillelmo
506 3163 653 3227 tenebatur
668 3162 714 3226 vel
728 3174 788 3224 erat
804 3159 952 3239 obligatus,
965 3170 995 3220 et
1015 3158 1108 3238 ips-
1126 3156 1159 3219 d.
1176 3154 1327 3237 dalplrim

257 3261 293 3323 de
309 3260 437 3323 omnious
449 3262 569 3325 solvitet
582 3261 698 3343 quitavit
713 3274 742 3323 et
761 3272 881 3322 castrum
898 3254 1083 3319 chastillioa'u
1099 3254 1195 3317 siden
1212 3272 1265 3336 pro
1275 3268 1328 3333 pte

258 3358 339 3421 dictis
351 3358 502 3440 obligatum
516 3358 623 3422 remisit
635 3358 746 3440 penitus
761 3354 943 3437 etquictavit.

304 3456 388 3537 1604.
407 3464 486 3533 ltem,
505 3456 591 3538 quod.
607 3456 685 3538 publ.
708 3454 920 3517 instrumentum
944 3448 989 3531 (nt
1007 3446 1137 3531 tdot)...
1149 3446 1326 3511 chutaei...

258 3555 374 3637 obmaga
385 3562 459 3631 Vll⁰,
477 3555 563 3617 indic.
577 3573 665 3628 xv,...
684 3552 830 3615 continens
842 3547 1033 3613 remissionem
1042 3546 1149 3609 iactam
1160 3546 1328 3609 doarllum

259 3653 338 3714 berto
353 3652 482 3732 delphino
493 3651 641 3715 Viennensi
655 3664 683 3713 et
697 3647 881 3712 donacionem
901 3663 952 3728 per
972 3644 1051 3706 dom.
1073 3643 1240 3707 amnica
1253 3636 1328 3705 dorsi

258 3769 322 3811 nant
338 3750 494 3831 Fucigniaci
506 3750 542 3811 de
557 3752 618 3812 Vlm
630 3747 725 3809 librar.
740 3744 875 3809 viennen.
890 3762 960 3826 quas
972 3739 1095 3803 habebat
1109 3760 1200 3823 snpra
1215 3753 1326 3803 cunum

259 3846 295 3908 de
308 3853 416 3929 Versoy
430 3860 458 3910 et
470 3865 553 3928 supra
571 3858 691 3909 castrum
715 3843 808 3919 cluse,
834 3841 945 3923 etipsa
971 3850 1065 3902 canta
1085 3850 1119 3902 et
1134 3838 1326 3921 oblipta'sm

260 3962 343 4024 quam
355 3944 428 4006 dicta
444 3944 555 4005 domina
565 3942 686 4005 habebat
697 3942 725 4003 in
738 3941 818 4003 dictis
830 3939 938 4002 canrb.

305 4041 388 4121 1605.
403 4048 482 4115 Item,
495 4041 579 4123 qued.
589 4041 679 4104 littera
691 4038 781 4101 tribus
800 4033 1074 4120 sigillisinpendenti
1088 4033 1225 4119 sigillata,
1240 4030 1327 4113 script

262 4140 313 4202 sub
320 4158 394 4203 anno
410 4140 464 4201 Dr'ti
474 4145 574 4201 tt⁰ce⁰
590 4151 705 4219 octuag⁰
719 4144 783 4214 vlo,
798 4137 844 4200 die
855 4134 950 4199 martis
962 4147 1027 4197 ante
1034 4133 1140 4199 lustum
1151 4124 1326 4209 bredal)
