2716 4784
497 430 535 442 ··
558 413 613 472 297
634 429 693 471 ··.

43 523 119 584 inira
133 525 227 604 script.
243 523 383 586 nobilibus
397 536 426 585 et
438 523 566 587 omnibus
581 524 641 587 aliis
653 525 681 586 in
696 523 770 586 dicto
783 523 915 586 comitatu
924 522 1115 600 existentibus,

44 620 185 682 nobilibus
197 634 225 682 et
235 619 413 693 innobilibus,
422 633 479 681 tarn
494 621 667 699 presentibus
680 639 762 701 quam
777 619 937 682 absentibus
946 619 1033 698 junxit
1047 639 1120 700 qua-

42 728 128 778 tenus
140 717 215 777 nullo
227 716 280 777 alio
293 716 423 777 mandato
439 735 524 796 super
536 716 590 778 hoc
603 729 749 796 expectato
764 716 881 797 predict.
910 715 1119 796 recognitiones

43 813 160 887 iaciant,
185 812 269 873 videl.
293 812 368 893 quod
392 825 455 874 sunt
481 812 517 874 de
544 813 703 875 retroieudo
734 813 798 876 dicti
816 813 845 875 d.
878 812 1011 892 dalphini,
1026 813 1118 874 lacere

44 909 168 971 debeant
182 909 256 970 dicto
270 909 355 971 tutori
372 909 416 969 vel
430 909 510 971 domo
524 909 643 990 Guigoni
659 909 799 989 delphino.
818 909 931 971 Nobiles
945 928 1013 970 vero
1027 920 1090 983 sunt
1108 927 1116 969 ε

44 1005 125 1066 dom.
140 1011 239 1066 Petrus
252 1005 288 1066 de
301 1004 448 1079 Terniaco,
467 1005 542 1067 dom.
560 1007 683 1068 Thomas
697 1006 732 1067 de
747 1006 905 1087 Compesio,
919 1005 995 1066 dom.
1010 1005 1120 1067 Rober-

42 1114 91 1163 tus
101 1101 252 1181 Vagnardi,
268 1101 365 1164 milites
381 1115 409 1163 et
422 1101 514 1182 plures
531 1102 585 1164 alii.
615 1136 656 1148 -
683 1103 766 1165 1680.
785 1109 864 1176 ltem,
880 1121 964 1176 anno,
980 1101 1064 1163 indic.
1091 1113 1120 1164 et

42 1197 110 1260 loco
125 1198 255 1278 predict,
272 1198 356 1260 videl.
372 1209 432 1260 xma
457 1196 557 1260 mensis
571 1197 645 1274 maii,
664 1198 699 1259 ad
712 1197 873 1260 instanciam
898 1211 926 1260 et
952 1197 987 1259 de
1002 1196 1120 1259 manda-

42 1306 76 1355 to
95 1312 150 1374 quo
166 1312 259 1374 supra,
280 1300 379 1357 Petrus
393 1296 428 1357 de
443 1294 571 1372 Crancio,
599 1294 717 1356 Michael
745 1293 894 1367 Francisci,
923 1293 1062 1355 lohannes
1084 1292 1120 1355 de

42 1388 142 1468 viges,
167 1390 305 1452 lohannes
324 1391 359 1452 de
381 1398 554 1472 Fronsonay,
582 1390 682 1453 notarii
707 1403 735 1453 et
746 1390 843 1452 sindici
865 1404 895 1452 ut
915 1389 1011 1453 dicunt
1037 1390 1119 1472 burgi

43 1484 218 1567 Aneyssiaci,
237 1506 289 1548 nec
305 1507 359 1562 non
375 1507 471 1549 omnes
484 1501 512 1550 et
532 1487 685 1568 singulares
697 1504 815 1567 persone
827 1487 856 1548 in
870 1487 944 1549 dicto
958 1487 1047 1549 11111ιο
1065 1507 1120 1549 11-

43 1581 149 1644 minate
159 1602 210 1662 pro
220 1601 250 1645 se
259 1597 288 1650 et
302 1584 361 1646 aliis
374 1585 447 1647 dicte
457 1584 641 1647 universitatis
654 1584 814 1663 iuraverunt
830 1583 905 1665 quod
915 1597 1050 1665 perpetuo
1063 1603 1121 1646 ser-

42 1678 152 1741 vabunt
168 1693 195 1742 et
208 1701 290 1742 manu
314 1681 459 1756 tenebunt,
479 1681 637 1745 custodiant
649 1693 678 1742 et
691 1680 849 1754 deffendent
864 1679 981 1760 predict.
1009 1680 1120 1761 dalphi-

42 1796 112 1837 num
123 1791 151 1839 et
164 1796 229 1840 suos
242 1791 269 1840 et
284 1779 343 1857 jura
359 1780 549 1861 Dalphinatus,
562 1799 624 1841 curn
633 1777 757 1859 pluribus
768 1778 826 1840 aliis
840 1778 930 1839 modis
939 1777 1043 1840 eisdem
1056 1797 1120 1858 pre·

42 1874 135 1954 ceptis
144 1895 194 1955 per
210 1875 312 1937 dictum
327 1877 402 1940 dom.
419 1878 548 1939 comitem
561 1877 668 1939 Geben.
689 1910 728 1923 -
751 1875 835 1937 1681.
859 1883 938 1950 Item,
963 1894 1022 1949 an.,
1034 1874 1078 1936 die
1091 1887 1120 1938 et

40 1971 103 2032 ind.
123 1971 263 2051 predictis,
279 1974 353 2056 apud
369 1975 559 2036 Rumilliacum
574 1993 609 2036 en
626 1971 776 2048 l'Albanes,
807 1972 842 2035 ad
856 1972 1067 2053 requisitionem
1091 1985 1120 2035 et
1157 2026 1160 2033 .

41 2067 201 2129 instantiam
217 2090 270 2150 qua
284 2091 367 2151 supra
377 2086 406 2133 et
418 2072 453 2134 de
465 2071 596 2134 mandato
619 2091 674 2152 quo
692 2088 786 2151 supra,
802 2071 878 2133 dom.
896 2069 1028 2131 Girardus
1046 2076 1120 2132 Por·
1184 2092 1187 2100 ¹

40 2164 104 2226 terii
123 2164 199 2226 miles
216 2179 243 2228 et
259 2167 352 2247 plures
366 2169 410 2231 alii
424 2169 459 2230 de
477 2169 638 2231 Rumilliaco
653 2167 699 2250 qui
712 2168 741 2229 in
756 2168 817 2248 ipso
827 2168 916 2230 instr‘⁰
943 2166 1119 2230 nominantur

40 2261 229 2341 promiserunt
251 2263 373 2327 similiter
388 2264 463 2327 dicto
486 2265 582 2340 tutori,
603 2264 745 2345 recipienti
766 2264 876 2343 nomine
897 2283 953 2345 quo
972 2281 1066 2345 supra,
1087 2277 1118 2325 ut

41 2375 130 2437 supra
144 2357 253 2434 sindici,
264 2359 417 2441 burgenses
435 2374 464 2423 et
482 2362 610 2423 consules
625 2360 784 2443 Aneyssiaci
800 2360 984 2441 promiserunt
1003 2373 1031 2421 et
1046 2359 1119 2438 jura·

15 2455 18 2458 ’
41 2468 156 2529 vemnt,
176 2469 204 2517 et
217 2456 270 2518 hoc
296 2457 368 2520 idern
384 2458 614 2539 ieceruntplures
627 2457 671 2519 alii
684 2457 711 2519 in
725 2457 799 2520 dicto
824 2456 914 2519 instr¹⁰
942 2455 1065 2519 contenti
1091 2469 1119 2517 et

13 2564 186 2615 ,nominato
210 2577 219 2619 ς
1007 2563 1010 2567 ’

87 2649 263 2724 1611111111,
278 2651 364 2730 quod.
380 2651 416 2713 al.
429 2651 547 2712 vidimus
563 2669 646 2712 manu
659 2649 797 2712 Guillelmi
809 2649 845 2712 de
860 2648 1015 2712 Elemosina
1031 2649 1117 2731 scrip-

39 2758 102 2807 tum
130 2757 158 2806 et
181 2744 317 2826 signatum
332 2748 383 2809 sub
406 2766 479 2810 anno
494 2747 547 2808 uni
561 2752 806 2821 tucccaxxuto,
824 2745 868 2808 die
884 2760 955 2808 istma
969 2746 1070 2809 mensis
1080 2748 1119 2827 ja-

39 2841 143 2917 nuarii,
159 2843 303 2906 continens
314 2858 440 2907 tenorem
454 2863 538 2926 supra
552 2843 653 2924 scripte
666 2843 755 2924 prime
773 2843 1052 2925 recognicionisiacte
1067 2865 1118 2926 per

39 2938 120 3000 dom.
139 2939 266 3002 comitem
286 2941 462 3016 Gebennen.,
479 2942 623 3005 continens
636 2941 723 3003 eciam
735 2954 860 3005 tenorem
874 2941 982 3021 cuiusd.
997 2943 1045 3004 alt.
1062 2942 1118 3006 ins·

37 3036 172 3097 trumenti
186 3037 276 3118 inquo
286 3038 442 3102 continetur
451 3039 570 3120 quedam
584 3051 691 3101 retenta
704 3058 754 3119 per
764 3038 831 3102 dict.
847 3039 876 3101 d.
892 3039 1019 3103 comitem
1031 3039 1059 3102 in
1068 3039 1116 3101 in·
1146 3104 1150 3119 .

38 3132 207 3196 feudacione
221 3135 367 3198 comitatus
382 3136 510 3218 predicti.

86 3230 170 3307 1683.
186 3238 264 3307 ltem,
283 3232 369 3312 quod.
398 3233 475 3313 publ.
493 3233 706 3296 instrumentum
724 3234 864 3316 scriptum,
879 3254 961 3299 mano
984 3234 1059 3297 Petri
1081 3233 1117 3298 de

39 3333 182 3408 Sarsonay
198 3328 297 3390 notarii
313 3329 389 3408 publ.
404 3330 456 3391 sub
466 3349 538 3391 anno
555 3330 608 3391 Diri
622 3336 865 3404 M⁰CCC⁰XV111⁰,
892 3345 933 3392 xr³
948 3330 992 3392 die
1014 3329 1116 3392 mensis

38 3422 120 3502 iunii,
134 3423 227 3503 sigillis
241 3423 373 3487 nobilium
390 3439 418 3486 et
427 3425 579 3506 potentium
589 3426 711 3488 virorum
722 3426 774 3488 dd.
787 3427 923 3488 Guillelmi
932 3426 1041 3489 comitis
1053 3431 1113 3488 Ge-
1160 3483 1164 3492 .

37 3518 164 3581 bennen.
183 3533 212 3582 et
222 3520 348 3600 Hugonis
365 3521 503 3602 Dalpbini,
518 3521 621 3584 domini
636 3522 806 3603 Fucigniaci,
828 3522 857 3584 in
883 3522 1014 3605 pendenti
1036 3520 1116 3602 sigil-

36 3616 136 3686 latum,
151 3617 296 3678 continens
317 3616 570 3693 confirmacionem,
588 3618 819 3685 >ratifficacinnem
836 3632 864 3681 et
883 3618 1112 3700 approbationem

37 3733 90 3794 per
102 3712 169 3774 dict.
182 3714 310 3796 dominos
323 3715 410 3778 iactas
420 3715 455 3777 de
470 3716 598 3778 omnibus
620 3715 854 3779 convencionibus
883 3727 911 3776 et
936 3713 1023 3795 pactis
1049 3710 1113 3772 olim

37 3808 140 3871 habitis
153 3810 224 3872 inter·
237 3830 334 3873 eorum
348 3812 572 3892 predecessores,
590 3813 735 3875 continens
745 3812 832 3874 eciam
847 3825 928 3891 pacta
942 3824 970 3874 et
988 3829 1115 3873 conven-

37 3907 134 3969 ciones
143 3907 179 3969 de
188 3927 264 3970 novo
276 3909 350 3971 inter
364 3909 477 3971 eosdem
489 3910 575 3971 lactas
588 3922 616 3971 et
630 3910 712 3981 iacta,
722 3921 893 3970 sacramenta
908 3921 937 3969 et
951 3907 1116 3988 promissio-

35 4023 88 4066 nes
99 4023 183 4084 super
198 4003 266 4067 dict.
285 4005 522 4068 convencionibus
535 4005 716 4068 observandis
731 4019 759 4067 et
782 4024 880 4086 penam
899 4011 925 4065 M
941 4006 1114 4066 marcharum

35 4101 146 4182 argenti
164 4115 260 4164 contra
278 4102 393 4166 alterum
411 4103 533 4183 ipsorum
548 4103 577 4166 in
589 4102 756 4167 contrarium
779 4101 946 4177 venientem,
969 4101 1113 4164 continens
