2716 4784
512 358 630 440 ...167
651 394 690 409 .-

60 489 229 559 babuissea
260 489 341 551 dom⁰
365 489 493 570 Guigone
515 489 646 571 dalphino
662 492 741 552 ,lex
772 490 856 557 libras
887 509 940 571 pro
967 489 1075 558 cambio
1099 491 1136 555 de

62 585 234 650 Morestello.
901 640 902 644 ,

101 684 170 764 958.
194 689 273 758 Item,
297 681 383 762 quod.
402 679 479 762 publ.
501 681 714 748 instrumentum
739 702 822 747 manu
851 683 935 744 Mami
953 682 1134 764 Philippensi,

58 779 112 842 sub
135 799 209 841 anno
245 779 299 840 Diri
319 781 476 855 malcum,
498 778 584 843 indic.
606 794 685 858 rint,
711 793 766 843 uu⁰
787 799 875 844 nonas
896 778 964 858 julii,
991 779 1136 844 contineor

58 877 136 959 quod
150 877 316 958 Domengia,
328 877 384 941 mia
393 879 512 945 condam
528 879 660 942 Johannis
672 877 806 960 Guigonis
815 878 851 941 de
861 877 974 951 vencia,
986 877 1021 940 de
1031 878 1137 941 volum·

57 987 116 1036 tate
129 973 220 1037 mariti
234 975 275 1037 sui
288 974 364 1048 dedit
380 974 436 1048 mio
448 976 585 1049 Guillelmi
601 976 636 1038 de
657 983 830 1039 castronovo
852 973 983 1056 quicquid
1003 973 1071 1053 iuris
1083 974 1136 1036 ba-

56 1069 144 1132 bebat
157 1070 185 1131 in
200 1071 286 1150 quod.
301 1071 460 1134 molendino
473 1074 547 1154 quod
557 1073 658 1135 dicitur
672 1092 787 1148 novum,
799 1070 881 1154 silom
895 1071 924 1134 in
938 1069 1135 1151 mandamento

16 1225 19 1232 .
58 1168 226 1232 Bucurionis
244 1168 319 1248 apud
341 1169 484 1244 Venciam,
500 1170 572 1252 inter
584 1170 674 1232 rivum
693 1169 728 1232 de
742 1169 845 1233 Vencia
866 1181 894 1234 et
907 1168 980 1230 viam
996 1168 1134 1249 publicam

56 1281 109 1343 per
124 1282 207 1343 quam
219 1262 274 1325 itur
289 1283 387 1326 versus
402 1272 544 1346 Sapetum,
560 1267 632 1330 sicut
647 1266 821 1348 protenditur
838 1287 855 1329 a
870 1265 979 1328 duobus
999 1265 1136 1347 lapidibus

56 1358 168 1438 magnis
177 1359 391 1439 superiusdicto
409 1362 569 1426 molendino
583 1363 641 1426 sitis
655 1383 743 1444 usque
763 1363 798 1425 ad
810 1362 994 1428 Lecharenas.

100 1454 225 1536 959-60.
246 1463 325 1531 Item,
340 1457 395 1521 duo
411 1460 488 1540 publ.
503 1461 685 1526 instrumenta
700 1461 728 1525 in
738 1460 835 1523 eadem
852 1459 923 1541 pelle
937 1458 1042 1540 scripta
1051 1477 1136 1521 manu

43 1554 192 1617 -Johannis
207 1555 350 1618 Alamandi
367 1557 466 1622 notarii
486 1558 563 1639 publ.
579 1558 631 1621 sub
645 1577 719 1622 anno
738 1558 790 1619 Diri
807 1562 1015 1631 M⁰cc⁰LXll⁰,
1026 1554 1072 1618 die
1082 1570 1135 1617 tura

55 1652 178 1714 intrante
189 1653 344 1730 novembri,
356 1668 384 1717 et
393 1655 545 1719 secundum
561 1662 677 1731 LXlllo,
694 1653 739 1717 die
749 1673 787 1716 xu
797 1664 941 1715 erceumte
955 1670 1050 1714 mense
1058 1650 1136 1732 apri-

55 1745 103 1823 lis,
113 1748 289 1812 continencia
298 1751 373 1831 quod
389 1758 488 1815 Petrus
500 1753 647 1833 chauneys
666 1750 701 1812 de
718 1748 808 1812 Insula
822 1762 851 1810 et
867 1747 977 1810 mabilia
991 1747 1051 1826 eius
1064 1766 1135 1811 uxor

55 1844 246 1908 vendiderunt
260 1847 338 1910 dom⁰
353 1854 437 1911 Petro
450 1848 573 1925 Aurucii,
588 1847 701 1910 domino
716 1845 818 1909 Montis
829 1844 948 1920 Bonodi,
964 1855 1056 1908 certos
1069 1861 1135 1905 cen·

55 1959 107 2004 sus
118 1939 147 2006 in
164 1941 239 2005 dicto
253 1941 342 2005 instro
356 1958 514 2009 oomentos.
778 2005 781 2010 .

24 2057 26 2060 ·
98 2037 168 2115 961.
185 2045 263 2115 ltem,
276 2040 361 2121 quod.
376 2041 453 2121 publ.
466 2042 676 2106 instrumentum
688 2041 819 2122 scriptum
827 2059 910 2102 manu
921 2034 996 2100 Petri
1003 2035 1134 2099 Amselmi

55 2133 172 2208 notarii,
188 2123 239 2196 sub
254 2155 328 2197 anno
345 2137 399 2198 Diri
413 2143 622 2214 m0110xc0V10,
640 2137 724 2200 indic.
742 2151 793 2214 rm,
812 2136 856 2200 die
871 2136 935 2198 lune
949 2147 1013 2197 ante
1033 2133 1132 2197 festum

55 2230 90 2293 b⁰
100 2229 241 2307 caterine,
254 2231 400 2296 continens
412 2234 486 2315 quod
500 2241 583 2316 Hugo
599 2234 722 2316 Mathey,
738 2232 883 2314 parrochie
897 2230 991 2293 Sancti
1003 2228 1131 2304 Ysmerii,

54 2327 205 2391 confessus
215 2328 266 2391 luit
278 2350 309 2392 se
323 2329 426 2395 debere
442 2330 521 2393 done
539 2331 687 2414 B(eatrici)
696 2330 812 2396 domine
827 2326 997 2418 Fucigniacii
1010 2345 1019 2388 ι
1035 2326 1132 2389 libram

55 2443 124 2489 cere
141 2424 265 2506 quolibet
275 2447 349 2488 anno
363 2447 413 2508 pro
424 2426 510 2508 garda
525 2448 610 2508 super
623 2428 752 2491 omnibus
761 2427 843 2489 bonis
855 2425 923 2489 suis.

56 2592 59 2598 ,
98 2521 168 2604 962.
184 2529 264 2600 item,
276 2523 360 2604 qued.
376 2523 472 2587 lietera
486 2524 513 2586 in
521 2524 653 2606 pendenti
663 2524 779 2605 sigillata
792 2523 894 2604 scripta
911 2526 953 2589 Μο
967 2526 1005 2583 llc
1021 2529 1135 2604 octuag⁰

58 2626 97 2695 1⁰,
111 2619 258 2695 continens
268 2620 344 2701 quod
359 2622 522 2687 Lambertus
534 2622 610 2702 prior
619 2635 648 2684 et
660 2620 788 2683 caterina
803 2619 934 2701 priorissa
949 2616 1024 2681 Prati
1044 2616 1134 2685 Mollis

53 2717 178 2783 confessi
190 2718 414 2784 fuerumadom
432 2719 587 2802 B(eatrice>
606 2716 784 2798 Eucigniacii,
801 2736 852 2798 pro
872 2713 1133 2779 aniversariisdom'

55 2813 194 2895 Guigonis
207 2816 330 2897 dalphini
343 2817 465 2897 etipsius
479 2816 591 2879 domine
609 2830 637 2879 et
646 2835 697 2897 pro
707 2813 832 2896 pluribus
843 2812 902 2879 aliis
916 2811 1006 2876 causis
1017 2811 1047 2874 in
1059 2812 1134 2877 litte-

53 2930 88 2976 ra
101 2912 251 2988 contentis,
265 2916 482 2976 11101111X¹xv1n
498 2914 582 2976 libras
592 2932 621 2976 vt
636 2913 734 2977 denar.

97 3008 168 3090 963.
185 3016 264 3092 Item,
279 3009 365 3090 quod.
381 3010 458 3090 publ.
470 3010 682 3073 instrumentum
696 3009 829 3092 scriptum
842 3028 925 3076 manu
939 3009 1014 3072 Petri
1028 3010 1134 3076 amsel-

54 3105 94 3167 mi
106 3106 217 3183 notarii,
233 3107 284 3169 sub
298 3114 587 3184 anno-M0110LXXV,
602 3127 642 3171 vu
651 3107 888 3181 idusdecembris,
903 3107 1049 3173 continens
1058 3109 1132 3190 quod

57 3208 160 3263 Petrus
178 3203 304 3265 vacherii
325 3217 352 3266 et
371 3205 520 3286 Margarita
547 3205 606 3284 ejus
635 3225 704 3267 uxor
733 3195 920 3270 vendiderunt
940 3204 1020 3272 dom⁰
1049 3211 1133 3270 Petro

54 3298 170 3362 Aurucii
179 3289 267 3377 militi,
282 3301 396 3366 domino
412 3302 514 3367 Montis
526 3301 644 3379 Bonodi,
663 3301 867 3385 quicquidjuris
878 3300 999 3366 habebat
1011 3301 1039 3366 in
1050 3302 1134 3365 domo

55 3395 196 3458 Guilleltni
220 3396 257 3459 de
275 3398 402 3479 cognino
420 3399 551 3476 condam,
576 3413 694 3480 excepto
718 3399 842 3473 carleto,
862 3396 957 3478 precio
977 3415 1014 3463 uv
1037 3396 1132 3466 librar.

56 3492 196 3558 viennen.

98 3587 168 3670 964.
186 3597 265 3667 ltem‚
283 3592 369 3672 quod.
386 3594 464 3674 publ.
477 3593 688 3656 instrumentum
705 3590 838 3672 scripturo
857 3609 940 3652 manu
950 3589 1085 3671 (luigonis
1097 3591 1134 3658 de

56 3693 162 3753 sancto
184 3688 314 3766 Martino,
322 3690 375 3753 sub
391 3709 466 3753 anno
483 3689 537 3752 Diri
552 3690 752 3764 M0110LXX10,
766 3687 863 3754 indict.
878 3700 1006 3766 x1111²,.xr
1018 3686 1131 3752 kalend.

54 3784 179 3864 augusti,
208 3785 355 3849 continens
385 3787 461 3868 quod
488 3785 644 3868 Guigo<na)
666 3804 736 3846 uxor
761 3783 837 3849 Petri
866 3783 980 3865 Pignaci
1011 3785 1135 3851 vendidit

54 3879 183 3944 Siboudo
199 3881 234 3944 de
249 3888 423 3945 castronovo
440 3903 448 3950 ι
463 3882 588 3964 quartale
601 3880 731 3945 frumenti
749 3900 861 3958 census,
880 3882 958 3963 quod
970 3880 1038 3945 facit
1049 3889 1136 3949 Ama-

56 3978 125 4041 dors
137 3979 249 4056 Boveti‚
267 3979 362 4060 precio
377 4000 416 4042 xu
431 3980 515 4042 solid.

99 4074 169 4157 965.
194 4082 273 4154 Item,
301 4077 397 4158 quod.
411 4078 488 4158 publ.
510 4077 721 4141 instrumentum
740 4075 872 4158 scriptum
894 4096 977 4141 manu
1004 4047 1134 4157 Chaberti
1207 4065 1208 4069 '
