2716 4784
126 492 225 568 latam,
246 494 304 581 >sub
318 513 392 557 anno
418 495 471 557 uni
497 502 713 572 II⁰CC0IILIII⁰,
735 497 922 559 continentem
937 498 1011 579 quod
1036 498 1156 579 Beryllio
1171 499 1205 559 de

127 592 232 664 Turre,
250 589 379 652 dominus
390 591 425 652 de
441 591 577 674 Vinayco,
593 591 719 653 vendidit
743 592 820 654 dom⁰
834 592 952 672 Guigoni
968 591 1099 671 delphino
1112 592 1205 672 precio

125 689 272 746 xxxvlffl
287 686 438 748 solidorum
451 688 587 750 viennen.
605 688 697 750 omnia
710 708 764 768 que
778 688 899 750 habebat
915 688 988 768 apud
999 696 1102 750 Motam
1114 691 1205 750 Sancti
1259 751 1261 756 .

125 782 273 859 Anthonii,
285 783 313 844 in
323 797 425 858 castro,
441 784 505 846 villa
522 800 551 847 et
565 786 761 847 mandamento
775 785 844 864 ejus.

171 878 240 939 ι8ι.
261 886 339 956 Item,
358 880 442 960 qued.
468 879 546 942 litere
572 880 688 960 sigillate
703 881 792 961 sigillo
817 880 890 941 dom¹
917 881 1051 960 Guigonis
1070 880 1203 961 dalphiui,

125 975 306 1038 continentes
333 977 408 1057 quod
434 976 510 1038 dom.
542 976 678 1037 Briandus
701 976 736 1038 de
765 976 905 1058 Layviaco
925 975 1001 1037 dedit
1022 989 1142 1037 castrum
1171 977 1206 1037 de

128 1079 266 1153 Doyseu¹
292 1073 366 1135 dicto
386 1072 462 1135 dom.
486 1074 628 1155 delphino,
656 1084 683 1135 et
706 1074 796 1136 dictus
823 1073 898 1134 dom.
927 1072 1072 1152 delphinus
1102 1073 1205 1134 dictum

125 1181 252 1229 castrum
262 1168 414 1231 inleudavit
428 1168 502 1231 dicto
518 1170 593 1230 dom.
620 1169 751 1230 Briando.

173 1266 241 1326 182.
260 1272 338 1342 Item,
350 1266 434 1346 qued.
449 1266 526 1328 litere
548 1266 664 1346 sigillate
677 1266 705 1326 in
719 1264 851 1345 pendenti
868 1259 1048 1345 sigillis'dom
1064 1266 1208 1339 Ilumberti

125 1362 253 1442 delphini
267 1364 385 1444 condam
402 1378 429 1426 et
443 1363 516 1425 dom¹
531 1363 671 1446 tymari)
683 1364 719 1424 de
731 1363 866 1436 pictavia,
885 1363 987 1443 scripte
997 1364 1048 1424 sub
1066 1381 1139 1424 anno
1152 1363 1206 1424 uni

125 1465 402 1534 Moccuxxxuu,
418 1459 505 1541 pridie
526 1459 588 1520 idus
609 1459 677 1537 julil,
693 1458 867 1520 continentes
884 1458 1067 1520 redditionem
1082 1471 1109 1519 et
1124 1472 1208 1538 expe-

125 1555 264 1616 ditionem
292 1556 407 1617 barouie
431 1556 566 1637 Clayriaci
583 1556 683 1617 iactam
703 1573 754 1635 per
776 1554 879 1616 dictum
897 1554 973 1615 dom.
993 1562 1029 1615 H.
1045 1554 1204 1635 dalphinum

125 1651 204 1713 dicto
222 1652 302 1713 dom⁰
323 1659 375 1733 Ay.
400 1653 435 1713 de
465 1653 600 1728 utentia,
625 1652 677 1712 sub
701 1651 790 1712 modis
811 1665 839 1711 et
868 1650 1072 1712 conditionibus
1091 1651 1118 1712 in
1140 1651 1206 1731 ipsis

124 1748 216 1810 literis
231 1749 368 1810 contentis
382 1760 405 1809 ².

172 1847 240 1922 183.
261 1853 339 1921 Item,
351 1845 435 1925 qued.
452 1845 542 1906 littera
552 1843 709 1908 donationis
718 1844 791 1905 lacta
802 1843 853 1905 sub
863 1864 936 1905 anno
949 1844 1002 1904 Diri
1013 1851 1203 1918 M⁰CC⁰IICI⁰‚

127 1943 223 2006 tribus
241 1942 335 2023 siglllis
357 1943 385 2002 in
412 1941 543 2022 pendenti
560 1940 687 2022 sigillata,
706 1940 852 2002 continens
872 1941 900 2001 iu
915 1940 1013 2001 effectu
1028 1939 1206 2002 donationem

125 2039 314 2122 quorumdam
329 2057 421 2100 rerum
435 2038 614 2101 existeucium
629 2032 657 2098 in
674 2037 870 2099 mandamento
885 2037 921 2098 de
933 2037 1033 2099 Pineto
1048 2057 1098 2118 per
1114 2037 1207 2098 inclite

125 2135 332 2198 recordationis
359 2135 435 2197 dom.
463 2136 645 2196 Humber'tum
661 2134 820 2215 dalphinum
835 2149 862 2196 et
884 2142 991 2196 Annam
1013 2136 1072 2214 ejus
1092 2154 1206 2196 uxorem

125 2234 251 2296 condam
262 2234 362 2295 iactam
378 2233 495 2295 domino·
506 2232 651 2294 Bellivisus
666 2232 702 2293 de
720 2240 825 2293 Marco.

172 2331 241 2408 184.
268 2338 347 2407 Item,
366 2332 469 2413 quand.
493 2331 599 2393 literam
616 2331 799 2403 auctenticam
819 2330 951 2410 scriptam·
977 2330 1029 2390 sub
1046 2337 1127 2390 anno
1154 2331 1207 2390 uni

127 2426 428 2509 M⁰CC⁰LXII(II)VI⁰,
438 2428 625 2490 continentem
636 2427 710 2508 quod
721 2427 800 2487 dom²
810 2427 974 2487 Anna'bone
985 2428 1118 2488 memorie
1132 2428 1208 2490 dedit

126 2527 225 2588 omnia
243 2525 317 2587 bona
332 2545 381 2586 sua
399 2526 477 2588 domo
494 2526 648 2587 IIumberto
661 2524 792 2604 dalphino
806 2524 865 2603 ejus
879 2523 951 2596 viro,
965 2522 993 2582 in
1011 2532 1209 2615 recompensa·

126 2624 237 2686 tionem
252 2623 434 2703 dampnorum
448 2637 475 2684 et
485 2642 668 2703 expensarum
683 2622 817 2684 factarum
830 2638 881 2701 per
895 2620 998 2681 dictum
1016 2618 1092 2679 dom.
1123 2625 1159 2679 II.
1181 2619 1208 2680 in

127 2739 235 2803 guerra
265 2740 347 2800 quarn
371 2720 492 2782 habebat
521 2739 583 2781 cum
614 2720 684 2781 duce
709 2717 870 2798 Burgundie
893 2717 928 2777 de
958 2715 1110 2778 hereditate
1135 2715 1208 2776 domi

126 2817 266 2881 Iohannis
281 2817 402 2898 dalphini
417 2817 502 2898 patris
512 2816 552 2898 (l)
567 2817 641 2878 dicte
653 2816 831 2876 domenare.
958 2881 961 2887 ,

176 2917 244 2996 185.
261 2923 329 2977 Item
346 2930 486 2996 repertum
502 2915 552 2977 fuit
566 2913 671 2996 quodd.
696 2912 855 2975 memoriale
877 2912 1024 2974 continens
1043 2910 1210 2976 declaratio-

126 3033 196 3076 nem
228 3026 256 3074 et
281 3013 469 3075 Imitationem
494 3013 751 3074 mandamentorum
773 3009 918 3071 Bellivisus
945 3009 981 3070 de
1007 3015 1102 3070 Marco
1127 3007 1210 3069 etde

129 3111 270 3192 Septimo.

177 3207 244 3269 186.
263 3215 340 3284 Item,
359 3208 443 3288 qued.
459 3206 537 3268 litere
554 3205 670 3286 sigillate
684 3204 779 3286 sigillis
794 3224 853 3280 sex,
870 3202 1073 3284 contineu(te)s
1088 3208 1211 3284 pronun-

128 3306 276 3369 tiationem
293 3304 451 3367 arbitralem
471 3303 572 3365 iactam
590 3318 673 3382 super
699 3301 844 3383 questione
862 3298 969 3386 dudunt
994 3301 1113 3362 vertenti
1140 3303 1211 3361 inter

129 3407 210 3468 dom.
229 3403 402 3464 Guillelmum
420 3402 562 3464 dominum
574 3401 609 3462 de
625 3399 800 3462 Bellovidere
814 3410 845 3461 et>
855 3399 931 3460 dom.
944 3398 1079 3460 Iacobum
1092 3398 1127 3459 de
1140 3405 1212 3460 Boc-

131 3500 250 3577 zosello,
261 3502 289 3561 iu
303 3521 358 3581 qua
374 3499 585 3580 pronunciatum
601 3498 652 3560 fuit
668 3498 742 3578 quod
758 3496 919 3577 omniajura
930 3514 984 3577 que
995 3495 1070 3555 dom.
1083 3493 1211 3555 Albertus

132 3600 169 3660 de
186 3597 350 3659 Boczosello
373 3595 504 3672 habebat,
524 3594 680 3676 pertineant
694 3594 729 3654 ad
742 3593 882 3655 dominam
894 3591 1037 3653 vallonem
1054 3604 1211 3653 consortem
1305 3673 1307 3678 .

133 3695 201 3756 dicti
218 3694 292 3755 dom¹
313 3701 348 3754 G.
376 3692 528 3754 secundum
552 3693 668 3754 formam
695 3690 761 3752 dict.
780 3691 942 3766 literarum;
969 3689 1112 3751 continent
1129 3690 1210 3752 etiam

133 3792 228 3872 plures
242 3791 309 3853 alias
320 3788 575 3870 pronunciatioues,
593 3789 748 3851 conlectum
764 3788 816 3848 sub
833 3806 906 3848 anno
928 3786 981 3847 Diri
1000 3792 1210 3863 II⁰CC⁰LXVI¹¹,

136 3909 195 3950 xuu
213 3887 506 3949 kalendnovembris.

151 4078 158 4091 ⁴
179 4108 199 4145 r.
216 4091 249 4144 Aa
263 4090 369 4161 Doycia.
386 4121 418 4130 -
436 4108 459 4146 2.
476 4092 513 4145 En
529 4108 561 4144 m.
577 4091 597 4144 Α
613 4089 750 4145 Videantur
765 4085 927 4144 conditiones.
