2716 4784
593 434 770 497 -ro—

137 546 235 625 eidem,
246 545 335 609 salva
343 544 479 610 fidelitate
490 544 692 629 domoalphint
706 559 734 610 et
748 546 909 627 subplacito
923 549 977 609 111c
986 545 1068 611 solid.
1082 546 1217 610 viennen.

138 645 161 708 in
173 641 344 707 mutacione
358 641 464 705 domini
475 656 504 706 et
513 643 692 725 possessoris.

176 742 267 821 1767.
287 747 326 805 11.
350 740 399 824 qd.
416 739 507 804 littera
524 739 650 824 vsigillis
666 739 795 823 sigillata,
809 739 874 803 data
891 740 1220 818 nt⁰cc0xc⁰111⁰‚eonti

141 858 202 903 turs
211 837 408 903 limitaciones
421 850 558 901 terrarum
568 838 672 902 domini
685 838 820 922 vignayei
833 851 862 901 et
872 838 907 901 de
921 845 1020 902 castro
1032 845 1126 903 Novo.

176 936 267 1015 1768.
292 942 328 999 lt.
349 934 399 1018 qd.
422 935 634 999 instrumentum
652 949 807 1018 grossatum
826 954 878 1017 per
898 936 1060 998 Durandum
1079 935 1216 1014 corderii,

142 1032 285 1097 continens
313 1031 428 1115 quamd.
449 1034 664 1097 transactionem
689 1033 810 1097 habitam
832 1032 904 1096 inter
924 1033 1060 1096 Poncium
1076 1033 1217 1097 dominum

143 1131 281 1215 literippe
299 1142 330 1193 et
342 1128 580 1194 dominumcastri
596 1129 680 1208 Novi,
692 1149 776 1212 super
789 1129 863 1194 iacto
877 1129 913 1193 de
923 1136 1019 1213 Nerpo
1028 1144 1057 1194 et
1067 1130 1216 1214 quorumd.

142 1228 253 1292 aliorum
277 1227 419 1302 locorum,

177 1324 267 1407 1769.
285 1330 323 1388 11.
342 1322 391 1407 qd.
402 1323 614 1387 instrumentum
626 1323 772 1387 continens
790 1325 1038 1408 emancipationem
1052 1324 1153 1389 laetam
1168 1343 1218 1405 per

143 1420 210 1484 dom.
226 1420 394 1505 Aynsrdum
404 1420 546 1483 dominum
559 1419 693 1503 Vignayci
706 1421 827 1485 ilenrico
841 1422 896 1485 filio
910 1443 973 1487 suo.
1207 1416 1210 1421 ’

177 1535 267 1596 1770.
285 1523 321 1580 11.
332 1516 382 1600 qd.
397 1516 609 1583 instrumentum
623 1531 766 1600 receptum
779 1538 829 1600 per
837 1519 909 1582 Phil.
926 1519 961 1580 de
976 1525 1078 1581 Sancto
1091 1519 1217 1582 Iohanne

143 1620 388 1694 mcc⁰xc0vl1⁰,
405 1615 551 1678 continens
571 1615 647 1698 quod
661 1615 790 1678 dominus
803 1616 891 1678 castri
908 1615 981 1677 Novi
994 1616 1158 1696 recognovit
1177 1629 1218 1678 te·

141 1730 229 1775 nerea
245 1710 366 1775 domino
382 1710 418 1775 de
435 1712 579 1796 Vignayco
594 1726 622 1775 et
640 1713 676 1775 de
698 1712 822 1775 dominio
834 1732 884 1775 suo
899 1712 1070 1775 vatilliacum
1088 1725 1117 1773 et
1127 1724 1214 1773 totam

141 1810 315 1894 parrochiam
324 1809 391 1874 dieti
400 1809 467 1888 loci,
479 1829 541 1873 cum
553 1810 609 1874 suis
618 1810 802 1893 pertinentiis,
818 1809 845 1873 in
859 1810 971 1873 lendum
983 1809 1117 1872 rendablo
1127 1822 1155 1871 et
1164 1809 1215 1871 sub

87 1954 89 1969 .
140 1908 236 1990 placito
248 1926 310 1971 xxv
322 1905 419 1971 librar.
441 1906 577 1971 viennen.
600 1909 636 1971 ad
653 1908 840 1972 mutationem
861 1907 965 1971 domini
982 1907 1028 1970 vel
1045 1905 1168 1982 vassalli,
1187 1919 1215 1969 et

140 2005 197 2069 hde
209 2004 301 2069 fidem
315 2005 369 2069 sibi
385 2004 515 2087 prestitit.

177 2121 266 2183 1771.
288 2111 323 2166 11.
338 2102 387 2186 qd.
399 2115 595 2167 testamentum
607 2101 709 2166 nobilis
722 2108 861 2166 Armanne
874 2102 1009 2178 chambe,
1028 2099 1123 2164 relicte
1135 2100 1216 2164 Guil-

139 2200 210 2263 lermi
230 2199 357 2263 Guinan.
379 2234 417 2247 -
439 2217 523 2279 ¹772·
550 2207 583 2262 tt.
606 2199 656 2283 qd.
678 2212 873 2264 testamentum
896 2200 974 2263 dom⁸
992 2207 1157 2281 Margarone
1180 2198 1215 2262 de

140 2298 319 2376 Rossillione,
337 2297 449 2361 domine
461 2297 518 2361 Viri
531 2297 612 2361 ville.

178 2414 267 2477 1777.
293 2403 328 2459 11.
350 2395 469 2460 donario
486 2395 559 2459 iacta
576 2414 627 2477 per
648 2395 806 2479 nynardunr
829 2395 865 2459 de
888 2400 989 2473 Turre,
1015 2395 1157 2458 dominum
1178 2396 1214 2459 de

139 2493 295 2579 Vignayco‚
310 2494 434 2558 chrico
446 2493 503 2559 tilio
514 2514 566 2557 suo
577 2493 613 2557 de
626 2492 710 2557 certis
723 2493 821 2557 castris
835 2493 937 2557 ibidem
961 2492 1108 2557 declaratis
1118 2512 1213 2556 coram

137 2590 226 2672 judice
237 2592 416 2675 Avignionis.

177 2708 266 2771 1774.
285 2697 320 2754 11.
335 2689 384 2771 qd.
401 2689 654 2772 emancipacionem
677 2689 779 2753 iactam
798 2706 892 2752 coram
912 2687 1003 2768 judice
1022 2687 1127 2768 majore
1143 2689 1212 2752 Dal-

122 2786 267 2868 'pbinatus
278 2786 307 2850 in
319 2786 479 2864 Viennesio,
497 2792 690 2865 mcccxrtlt,
711 2805 761 2867 per
775 2784 950 2848 Guillelmum
963 2785 1161 2848 condominum
1176 2786 1212 2850 de

138 2883 217 2947 ilino
235 2883 384 2947 Hunberto
399 2885 458 2964 ejus
476 2883 545 2962 filio,
563 2885 592 2947 in
611 2903 665 2967 qua
687 2883 763 2946 dedit
785 2882 875 2945 eidem
889 2883 934 2945 illa
948 2902 1003 2964 que
1016 2881 1167 2967 habe(b)at
1183 2882 1212 2944 in

138 2994 228 3043 castro
244 2993 275 3044 et
293 2980 489 3045 mandamento
505 2982 540 3046 de
557 2981 649 3059 Ylino,
668 2994 696 3044 et
710 2995 817 3063 partem
834 3001 916 3062 quam
931 2980 1015 3045 habet
1033 2979 1062 3042 in
1076 2993 1168 3044 castro
1184 2993 1213 3045 et

137 3077 332 3143 mandamento
345 3078 381 3142 de
392 3079 536 3163 Suyriaco,
553 3092 581 3143 et
597 3092 717 3143 castrum
729 3098 809 3142 suum
822 3077 857 3142 de
871 3078 961 3142 costis
976 3076 1089 3163 d'hrey.

178 3174 266 3258 1777.
285 3183 319 3239 11.
332 3176 497 3241 constitucio
519 3177 592 3241 dotis
618 3177 736 3241 Beatrici
751 3177 786 3240 de
804 3177 919 3255 baucio,
936 3177 1030 3241 moris
1046 3177 1158 3242 Hemici
1175 3178 1211 3242 de

138 3279 237 3339 Turre.
254 3309 296 3323 —
316 3274 401 3355 1776.
418 3283 452 3339 11.
469 3276 588 3341 donacio
602 3277 674 3340 lacta
687 3297 738 3359 per
750 3276 910 3360 Aynardum
934 3276 969 3339 de
983 3283 1073 3340 Turre
1091 3276 1211 3340 ilenrico

136 3370 254 3437 filiosuo
269 3373 305 3437 de
319 3373 402 3437 certis
415 3374 524 3438 castris.
810 3447 818 3455 .

173 3489 254 3548 1777.
278 3473 301 3529 11
320 3466 669 3547 vidimus...'n1·ccc·ttx,
693 3473 756 3542 dli)e
775 3476 855 3532 111111Ι
873 3471 960 3530 mensis
973 3471 1056 3546 julii..
1076 3474 1208 3548 quarumd.

135 3560 275 3618 licterarnm
290 3558 450 3635 imperialium
463 3562 577 3618 datarum
601 3561 675 3618 idetis
698 3561 917 3635 M·CCC·L·Vll·,
941 3559 1121 3617 continentium
1139 3560 1207 3636 quod

135 3648 203 3707 dom.
218 3648 365 3724 imperator,
381 3648 485 3707 attentis
498 3650 576 3725 gratis
589 3649 696 3708 serviciis
706 3649 751 3708 sibi
766 3649 879 3726 impensis
889 3667 932 3724 per
939 3649 1082 3722 Aynardum
1090 3650 1121 3706 de
1128 3650 1210 3705 Turre

134 3735 262 3795 dominum
271 3736 403 3811 Vignayci,
418 3736 494 3795 eidem
508 3747 534 3795 et
546 3737 597 3795 suis
610 3737 738 3795 heredibus
749 3746 775 3794 et
784 3734 966 3795 successoribus
975 3735 1079 3793 dominis
1089 3736 1210 3811 Vignayci

135 3825 165 3882 de
178 3823 280 3900 speciali
293 3824 377 3899 gracia
392 3825 514 3883 concessit
526 3826 667 3883 facultatem
689 3825 843 3882 theoloneum
858 3843 900 3881 seu
914 3823 1044 3898 pedagium
1059 3823 1208 3900 imponendi,
1331 3840 1334 3844 ·

135 3912 233 3971 levandi
247 3921 273 3969 et
286 3912 418 3988 recipiendi
431 3913 454 3970 in
469 3913 526 3970 villa
540 3915 577 3970 vel
591 3913 785 3971 territoriodicti
795 3912 869 3970 castri
883 3912 988 3987 Vignaci
1000 3913 1042 3970 ubi
1050 3911 1116 3986 ipsos
1126 3914 1209 3970 melius

134 3999 258 4058 videbitur
271 4001 397 4076 expedire,
412 4001 485 4058 videl.
500 4012 529 4058 ut
543 4020 557 4057 a
571 4001 680 4077 quolibet
694 3999 791 4057 animali
801 4017 888 4075 grosso
902 4009 1016 4072 onerato,
1031 4000 1081 4057 vid.
1097 4018 1162 4074 equo
1172 4000 1208 4057 vel

134 4106 208 4165 equa,
223 4088 291 4147 mulo
304 4087 342 4145 vel
357 4088 432 4162 mula,
457 4090 490 4146 Vl
511 4090 609 4163 denar„
624 4090 656 4146 ab
671 4087 768 4146 animali
780 4105 809 4144 ac
824 4085 893 4145 asino
908 4088 945 4143 vel
959 4087 1028 4145 asina
1043 4087 1149 4146 oneratis
1167 4089 1208 4145 llll

134 4176 206 4252 dem,
228 4176 260 4235 ab
274 4175 372 4235 animali
385 4192 445 4235 vero
459 4194 539 4236 vacuo
561 4186 587 4235 et
614 4195 663 4235 non
677 4185 780 4235 onerato
799 4194 854 4234 curn
869 4177 941 4234 basto
955 4193 997 4235 seu
1013 4175 1102 4235 clitella
1115 4178 1134 4234 ll
1149 4177 1205 4234 den.
