2716 4784
582 419 760 478 -„7..

127 529 223 609 ligium
240 528 276 590 de
290 547 409 609 persona
440 530 584 609 prestitum
608 529 686 591 dom⁰
714 545 810 594 nostro
838 531 969 612 dalphino
997 552 1046 613 per
1079 533 1207 594 Hunber·

128 637 186 686 tum
202 624 238 686 de
256 625 338 686 Clusa
354 624 517 705 hvignionis
534 639 562 688 et
574 626 760 690 terminum...

169 721 239 801 ⁶45·
258 729 337 797 Item,
349 721 435 802 quod.
452 721 488 783 al.
503 722 715 785 instrumentum
730 723 773 805 (ut
786 722 870 805 627),
881 723 1026 785 continens
1035 724 1111 804 quod
1127 724 1203 787 dom.

128 817 301 879 Bertrandus
314 817 474 899 Berengarii
489 818 632 880 confessus
644 820 695 881 fuit
708 839 739 882 se
754 832 849 881 tenere
866 833 894 881 et
907 832 1003 882 tenere
1017 820 1088 882 velle
1100 841 1116 881 a
1129 821 1207 882 dom⁰

126 929 225 978 nostro
242 915 373 996 dalphino
385 916 414 977 in
430 916 542 977 feudum
552 917 688 992 francum,
704 917 798 979 nobile
807 931 836 979 et
850 918 993 998 antiquum
1002 931 1091 979 torum
1103 919 1205 980 facturn

127 1027 155 1076 et
168 1013 274 1095 ailayre
282 1014 317 1074 de
328 1020 428 1074 Sancta
442 1014 565 1094 Eugenia
576 1029 603 1076 et
616 1034 741 1078 mansum
756 1015 791 1075 de
805 1015 899 1096 Payis,
914 1035 976 1077 cum
992 1034 1069 1077 mero
1084 1029 1112 1077 et
1121 1016 1206 1078 mixto

125 1110 244 1190 imperio
268 1123 296 1171 et
308 1110 471 1190 juridicione
486 1111 646 1173 omnimoda
663 1112 717 1174 alta
734 1125 762 1173 et
784 1112 876 1188 bassa,
901 1126 929 1174 et
951 1132 1003 1193 pro
1029 1112 1104 1174 dicto
1120 1113 1205 1176 leudo
1243 1138 1247 1148 ·

125 1205 360 1287 fecithomagium
375 1206 449 1268 dicto
467 1207 542 1268 dom.
559 1207 701 1287 dalphino,
723 1221 751 1269 et
772 1222 881 1270 tenetur
905 1208 940 1270 de
955 1208 1015 1289 ipso
1030 1223 1058 1270 et
1081 1208 1131 1289 pro
1144 1210 1205 1289 ipso

126 1303 211 1365 leudo
228 1304 333 1365 servire
343 1303 417 1366 dicto
428 1304 503 1366 dom.
521 1304 650 1385 dalphino
665 1305 693 1365 in
708 1305 763 1367 suis
777 1305 939 1386 cavalgatis,
963 1319 990 1367 et
1004 1304 1026 1366 si
1040 1325 1096 1367 non
1115 1307 1206 1368 servi-

126 1413 169 1463 ret
194 1400 269 1462 idem
287 1401 362 1463 dom.
379 1401 524 1481 dalphinus
537 1415 630 1482 posset
646 1402 748 1464 dictum
762 1402 873 1463 feudum
889 1402 1015 1483 accipere
1032 1417 1060 1465 et
1071 1404 1205 1466 reducere

126 1498 160 1559 ad
176 1518 288 1560 manum
301 1518 378 1560 suam
391 1497 553 1560 durantibus
566 1498 725 1574 cavalcatis,
743 1512 771 1560 et
785 1499 932 1560 terminum
953 1511 999 1561 ¹...

165 1592 236 1671 646.
250 1600 329 1668 Item,
348 1593 433 1674 quod.
450 1594 486 1656 al.
500 1594 711 1656 instrumentum
729 1595 772 1675 (ut
786 1596 870 1677 618),
887 1595 931 1657 die
949 1609 980 1656 11a
996 1596 1098 1658 mensis
1110 1597 1205 1676 janua-

126 1689 168 1764 rii,
182 1690 329 1751 continens
355 1690 511 1772 homagium
534 1705 562 1753 et
589 1691 813 1772 recognicionem
838 1692 978 1773 prestitam
1003 1692 1081 1753 dom⁰
1107 1707 1203 1757 nostro

126 1787 257 1866 dalphino
274 1807 323 1868 per
339 1773 459 1849 nobilem
476 1789 566 1850 virum
577 1788 653 1850 dom.
674 1789 845 1850 Lantelmum
859 1789 992 1870 Aynardi,
1012 1789 1152 1851 dominum
1168 1791 1203 1852 de

127 1884 261 1957 Thensio,
293 1879 416 1958 r'nilitem,
447 1884 532 1949 videl.
564 1885 707 1947 confessus
731 1885 782 1946 fuit
802 1905 831 1946 se
855 1899 950 1947 tenere
974 1886 1008 1947 de
1033 1884 1155 1948 dominio
1176 1902 1204 1950 et

125 1984 264 2064 segnioria
274 1984 373 2065 prefati
388 1984 464 2046 dom.
480 1984 601 2065 dalphini
619 1986 646 2046 in
663 1985 775 2047 feudum
789 1984 913 2047 francum
929 1999 957 2047 et
981 1986 1074 2048 nobile
1100 2001 1200 2063 castra,

125 2081 333 2156 mandamenta,
358 2080 506 2144 destrictus
530 2097 557 2145 et
584 2083 722 2145 territoria
736 2083 772 2144 de
788 2084 919 2159 Thensio,
937 2083 971 2144 de
988 2084 1153 2161 Rolomono,
1167 2085 1203 2146 de

126 2176 280 2238 Montelino
295 2189 323 2238 et
339 2178 513 2258 parrochiam
530 2179 565 2242 de
580 2188 686 2256 Roaco,
698 2201 760 2242 cum
777 2199 853 2242 mero
873 2181 921 2262 (et)
935 2181 1020 2242 mixto
1034 2181 1150 2261 imperio
1175 2195 1203 2244 et

125 2273 287 2335 omnimoda
307 2274 472 2354 juridicione
492 2292 646 2340 castrorum
669 2279 838 2365 et'locorurn
863 2278 981 2358 predict.
1013 2293 1040 2340 et
1064 2299 1146 2341 omne
1175 2292 1203 2341 et

124 2370 256 2452 quicquid
271 2371 345 2433 idem
359 2372 435 2435 dom.
453 2383 533 2437 Lant.
549 2375 643 2450 habet,
659 2388 736 2437 tenet
750 2374 794 2436 vel
811 2374 935 2455 possidet
950 2376 977 2436 in
992 2375 1100 2450 castris,
1118 2374 1203 2436 terri-

122 2468 213 2544 toriis,
230 2469 431 2533 mandamentis
444 2486 473 2534 et
499 2472 643 2553 parrochia
661 2472 836 2552 supradictis,
863 2472 944 2533 etiam
971 2471 1100 2552 quicquid
1119 2471 1202 2534 habet

123 2568 152 2628 in
170 2574 318 2628 Maracena
328 2569 401 2649 apud
414 2569 550 2630 Savellum
562 2583 589 2630 et
599 2569 626 2630 in
637 2568 708 2629 valle
719 2568 831 2644 savelli,
844 2581 960 2648 excepto
971 2568 1099 2648 homagio
1109 2568 1136 2628 in
1146 2589 1201 2648 quo

123 2663 177 2726 sibi
197 2676 308 2725 tenetur
321 2664 421 2729 nobilis
447 2667 574 2728 Ynardus
601 2666 635 2726 de
662 2664 802 2740 Valseriis‚
819 2681 846 2729 et
861 2667 980 2747 quedam
1005 2666 1057 2727 alia
1075 2666 1103 2728 in
1127 2667 1201 2737 dicto

122 2761 307 2823 instrumento
323 2776 453 2825 contenta
470 2777 498 2826 et
508 2763 589 2824 eriam
606 2761 791 2824 terminum...
955 2825 958 2831 ,

165 2859 235 2937 647.
254 2867 333 2934 ltem,
363 2861 448 2941 quod.
478 2861 525 2922 al.*
545 2860 624 2941 publ.
655 2860 866 2923 instrumentum
885 2862 928 2943 (ut
953 2861 1037 2942 618),
1058 2862 1202 2925 continens
1242 2862 1245 2868 ’

123 2955 284 3035 homagium
299 2956 394 3036 ligium
409 2957 444 3018 de
473 2976 593 3038 persona
623 2957 767 3038 prestitum
784 2958 861 3038 dom⁰
875 2972 971 3020 nostro
997 2958 1127 3038 dalphino
1153 2978 1202 3039 per

125 3052 259 3113 Maliuum
269 3053 615 3118 Artaudietterminum...
958 3121 960 3125 ,

137 3219 139 3223 ,
165 3149 235 3227 648.
264 3156 342 3226 Item,
369 3150 455 3231 quod.
477 3151 514 3213 al.
542 3152 752 3215 instrumentum
772 3153 814 3234 (ut
834 3151 917 3233 626),
936 3151 981 3213 die
995 3163 1097 3213 xx³11u³
1111 3171 1199 3213 mens.
1283 3151 1287 3158 '

124 3245 296 3322 novembris,
312 3248 457 3310 continens
469 3249 627 3331 homagium
642 3266 669 3314 et
681 3251 839 3313 fidelitatem
855 3249 997 3328 prestitum
1020 3268 1070 3328 per
1081 3247 1201 3308 nobilem

123 3343 299 3405 domicellum
313 3344 487 3406 Guillelmum
499 3345 584 3408 filium
604 3348 722 3409 condam
737 3346 875 3426 Rodulphi
895 3346 930 3406 de
956 3351 1109 3426 Coponay,
1124 3344 1201 3404 salvo

123 3455 152 3503 et
167 3441 320 3521 exceptatis
335 3442 506 3523 homagiisin
518 3443 618 3524 quibus
629 3459 739 3507 tenetur
750 3444 870 3525 capitulo
885 3442 1060 3504 Gebennensi
1075 3460 1107 3502 ac
1116 3439 1201 3502 nobili

123 3540 204 3602 dom⁰
216 3540 245 3601 d.
261 3539 359 3620 Agneti
375 3540 410 3602 de
427 3540 571 3617 cabilone,
587 3543 726 3604 comitisse
742 3541 929 3614 Gebennensi,
947 3552 974 3601 et
989 3538 1175 3601 terminum...

163 3639 234 3717 649.
260 3645 338 3714 item,
357 3638 443 3719 quod.
460 3638 495 3700 al.
514 3638 725 3701 instrumentum
738 3638 824 3720 (utd3
835 3637 874 3719 ι),
886 3637 1031 3699 continens
1043 3635 1200 3716 homagium

122 3736 219 3818 ligium
235 3735 270 3798 de
284 3755 403 3815 persona
419 3737 563 3817 prestitum
586 3737 621 3799 ill¹
641 3735 759 3817 principi
781 3735 859 3795 dom⁰
880 3747 976 3795 nostro
997 3733 1026 3793 d.
1056 3733 1200 3796 Hunberro
1303 3734 1307 3744 '

123 3833 275 3896 Viennensi
289 3833 420 3914 dalphino
430 3852 479 3914 per
490 3833 635 3896 Petrinum
650 3834 685 3897 de
703 3832 846 3915 Buringio,
862 3830 1043 3893 habitatorem
1057 3830 1198 3906 Avalonis,

123 3947 152 3995 et
163 3946 350 3996 terminum...

165 4154 186 4192 r.
204 4135 241 4191 En
257 4154 289 4192 nr.
306 4135 404 4193 Sciatur
418 4136 460 4192 ubi
474 4135 521 4192 sita
536 4145 602 4192 sunt.
