2716 4784
584 376 763 438 -.,0-

139 489 223 571 Regis
238 488 350 563 notarii,
368 488 422 551 sub
442 506 515 551 mino
533 489 588 551 oni
605 494 802 567 ΜΟΙΙΦΧΕΘΨ,
825 490 915 557 indic.
937 506 1021 569 νην,
1050 505 1100 555 111⁰
1118 492 1220 555 kalend.

137 585 243 668 apriis,
268 586 415 649 continens
434 584 657 667 recognicionem
672 585 775 649 iactam
798 586 880 649 dom⁰
905 587 1069 670 Rodulpino
1088 589 1126 652 de
1143 596 1220 652 Inter·

136 681 278 747 montibus
290 701 340 764 per
358 690 505 764 Hugonern
520 681 555 744 de
565 682 678 763 Capella
687 682 725 745 de
737 689 838 761 barro,
848 683 905 747 alti
919 682 1051 762 villaris,
1065 684 1116 767 qui
1127 686 1221 749 confes

136 799 185 843 sus
206 778 255 840 hrit
275 798 306 841 ae
325 792 459 843 tenerea
487 778 562 841 dicto
584 778 662 841 dom.
688 779 763 842 Rod.
786 779 987 861 possessiones
1006 781 1120 863 inipso
1142 783 1220 847 inme

137 889 295 951 contentas,
311 875 347 937 ad
362 875 476 938 vsolid.
492 876 528 937 de
541 876 645 957 placito
660 875 689 938 in
703 876 856 941 mutatione
871 876 984 941 domini
998 891 1029 941 et
1047 881 1220 960 possessori.

180 993 249 1055 977.
268 979 347 1048 item,
359 972 395 1034 al.
412 971 491 1053 pubi.
507 973 720 1038 instrumentum
730 975 863 1056 scriptum
871 995 958 1037 manu
971 977 1122 1041 Guilielmi
1136 980 1220 1043 Dedini

138 1070 250 1145 notarii,
261 1069 313 1133 sub
329 1090 403 1131 anno
419 1069 472 1132 Dr'ti
488 1077 716 1147 M⁰11⁶LXX1110,
726 1071 824 1135 indict.
839 1084 872 1147 1¹,
887 1076 946 1133 vu0'
957 1072 1026 1137 idus
1044 1073 1129 1153 junii,
1144 1077 1221 1141 conti·

138 1188 209 1231 nens
219 1166 293 1249 quod
306 1166 469 1247 Rodulphus
491 1166 619 1229 dominus
632 1166 670 1229 de
679 1168 896 1231 intermontibus
911 1168 1082 1251 albergavit
1105 1187 1135 1236 et
1145 1174 1222 1237 tradi-

139 1265 179 1327 dit
193 1266 221 1326 in
234 1263 426 1345 emphiteosim
443 1265 553 1344 Hugoni
565 1263 601 1327 de
610 1265 723 1346 capelia
737 1284 782 1327 res
791 1278 819 1328 et
831 1265 892 1344 jura
903 1285 962 1346 que
974 1266 1107 1329 condam
1126 1268 1222 1333 fumum

141 1361 215 1425 Petri
231 1360 278 1422 filii
293 1360 413 1422 condam
433 1362 564 1443 Stephani
579 1367 718 1444 Oyssenc‚
740 1382 796 1444 que
809 1360 923 1444 quidem
937 1382 988 1427 res
1005 1361 1220 1427 indictorum

141 1459 364 1535 confrontantur,
390 1458 426 1520 ad
446 1477 506 1521 airu
528 1459 611 1521 solid.
636 1459 775 1523 bonorum
799 1459 938 1523 viennen.
963 1459 1003 1523 de
1023 1461 1152 1525 servicio
1167 1474 1221 1525 etu

139 1554 222 1619 solid.
239 1554 275 1616 de
295 1554 396 1635 placito
411 1555 523 1635 quando
537 1555 714 1637 contingerit.

180 1651 249 1732 978.
259 1659 339 1729 rtem,
358 1652 445 1732 quod.
461 1652 497 1713 al.
508 1652 585 1733 publ.
604 1652 817 1715 instrumentum
839 1651 977 1733 scriptum
991 1673 1085 1717 manu
1101 1654 1176 1719 Petn'
1192 1653 1222 1715 de

141 1750 268 1814 Thoveto
291 1749 369 1830 publ.
385 1749 496 1825 notarii,
516 1749 569 1812 sub
591 1768 666 1819 anno
685 1750 739 1811 uni
760 1755 948 1829 M⁰11⁶LXX⁰,
974 1751 1134 1815 continens
1157 1750 1222 1834 quod

143 1849 279 1912 hienricus
295 1848 331 1909 de
342 1848 418 1910 Bella
433 1845 550 1922 Comba,
566 1845 637 1908 filius
647 1846 766 1909 condam
776 1845 850 1908 dom¹
864 1846 967 1911 Guersi
981 1846 1020 1910 de
1036 1849 1222 1927 Bellacomba,
1262 1881 1265 1889 ·

139 1946 289 2028 accepitin
310 1943 701 2025 feudumadorn0Ruduipho
719 1945 756 2007 de
777 1943 998 2009 intermontibus
1011 1946 1135 2010 domum
1155 1967 1222 2011 auam

141 2063 224 2125 quam
241 2040 325 2104 habet
334 2041 409 2121 apud
426 2041 598 2117 Barralibos,
610 2054 639 2104 et
650 2061 748 2105 omnes
761 2061 806 2104 res
820 2055 848 2103 et
860 2041 921 2121 jura
930 2060 988 2123 que
997 2043 1065 2125 ipse
1084 2053 1171 2111 Henr.
1183 2046 1223 2109 hu

141 2139 190 2201 bet
207 2137 386 2200 circumcirca
407 2136 474 2199 dict.
496 2137 609 2201 domum
627 2151 656 2201 et
677 2137 802 2218 predicta
826 2151 905 2201 tenet
920 2138 958 2201 ad
979 2140 1160 2225 homagium,
1177 2160 1222 2225 pro

141 2234 242 2317 quibus
251 2235 396 2297 confessus
405 2234 456 2297 huit
471 2235 599 2313 habuisse
613 2254 650 2295 xx
663 2234 766 2314 libram
779 2234 845 2297 item
860 2235 988 2300 continet
1002 2238 1221 2303 raufficnimm

141 2333 216 2396 dicte
229 2331 430 2396 infeudacionis
442 2333 515 2395 facte
535 2350 586 2413 per
605 2330 782 2413 Ranguisiam
805 2351 921 2397 uxorem
940 2331 1012 2397 dicti
1026 2337 1157 2414 hienrici,
1175 2355 1222 2418 que

144 2447 190 2494 res
201 2443 329 2511 spectant
340 2428 421 2491 domo
435 2428 566 2509 dalphino
581 2440 601 2490 ¹.

182 2546 252 2609 979.
269 2534 348 2604 Item,
360 2526 444 2608 qued.
462 2526 597 2589 licterain
613 2526 746 2606 pendenti
759 2527 888 2609 sigillata,
901 2526 1009 2608 scripta
1018 2528 1076 2591 sub
1090 2548 1165 2593 anno
1174 2528 1221 2593 Diti

145 2628 340 2701 M⁰11⁰LXV1⁰,
373 2624 519 2686 continens
540 2624 782 2688 confirmacionem
811 2625 955 2706 cuiusdam
989 2627 1131 2693 clausule·
1147 2641 1223 2693 testa

143 2720 227 2783 menti
242 2721 316 2783 dom¹
329 2721 462 2782 iohannis
475 2721 593 2783 condam
618 2721 783 2786 Viennensis
796 2722 1001 2803 archiepiscopi
1013 2723 1094 2788 facta
1106 2744 1156 2807 per
1166 2743 1223 2789 ene

143 2832 270 2899 qutorem
292 2817 377 2897 ipsius
401 2818 570 2892 testamenti,
600 2817 628 2879 in
653 2839 707 2900 qua
736 2820 859 2883 clausula
878 2819 1082 2885 continebatur
1112 2821 1222 2887 donacio

143 2914 216 2976 facta
236 2933 286 2994 per
307 2913 411 2975 dictum
433 2913 509 2975 dom.
525 2914 763 2998 archiepiscopum
778 2917 865 2979 'dom0
882 2915 1019 2998 delphino
1035 2917 1077 2980 de
1106 2919 1158 2983 hiis
1175 2937 1223 3000 que

144 3009 265 3073 habebat
284 3010 312 3073 in
325 3011 471 3091 parrochia
488 3011 523 3074 de
539 3018 671 3092 Sappeto.
714 3060 715 3064 ,

184 3108 254 3188 980.
272 3115 351 3181 Item,
373 3108 457 3189 qued.
476 3108 566 3170 littera
580 3108 697 3189 sigillata
712 3108 740 3170 in
754 3108 887 3189 pendenti
902 3108 996 3190 sigillo
1021 3110 1164 3175 hunberti
1179 3109 1222 3173 Dei

144 3205 233 3287 gratia
251 3205 414 3269 Viennensis
427 3205 640 3287 archiepiscopi,
654 3205 801 3268 continens
815 3205 844 3267 in
858 3224 888 3268 se
905 3205 1023 3287 quamd.
1042 3206 1167 3271 litteram
1180 3226 1222 3270 seu

143 3305 355 3367 instrumentum
372 3304 503 3384 scriptum
518 3303 570 3364 sub
583 3322 657 3366 anno
681 3302 736 3364 uni
759 3309 933 3377 M⁰CC⁰XV⁰,
952 3322 1053 3367 mense
1080 3302 1222 3387 septembri

145 3415 189 3463 111a
207 3401 252 3465 die
264 3413 328 3463 ante
344 3400 443 3463 festum
460 3399 618 3464 Natiuitatis
629 3399 711 3462 beate
727 3399 825 3476 Marie,
846 3399 874 3461 in
894 3419 951 3480 quo
965 3400 1134 3465 continetur
1147 3401 1222 3463 dona
1252 3474 1256 3485 .

145 3499 190 3561 cio
203 3512 230 3561 et
244 3497 395 3579 assignatio
409 3496 482 3560 facta
497 3516 547 3578 per
575 3495 652 3558 dom.
671 3495 809 3558 andream
824 3495 985 3576 dalphinum
1009 3497 1093 3559 dom⁸
1115 3493 1220 3559 Beatriti

146 3595 266 3660 condam
283 3595 435 3672 uxorisne,
452 3597 487 3656 de
502 3594 582 3657 furno
599 3592 634 3655 de
650 3599 745 3655 Moraz
759 3607 787 3655 et
800 3591 837 3654 de
848 3593 930 3655 furno
939 3590 976 3654 de
988 3599 1098 3657 Sancto
1109 3602 1217 3665 Donato,

146 3708 267 3757 castrum
284 3694 387 3757 Montis
403 3692 510 3755 Bonodi
524 3706 552 3754 et
566 3705 686 3754 castrum
711 3691 746 3755 de
771 3690 869 3769 Reuel,
884 3690 1036 3757 continens
1052 3692 1140 3755 etiam
1151 3690 1215 3779 pluri

148 3792 201 3856 alia
215 3806 246 3855 ut
261 3791 362 3872 inipso
377 3791 545 3855 continetur.

188 4111 210 4150 1.
226 4093 264 4148 En
278 4109 310 4149 m.
327 4093 407 4166 Super
421 4088 541 4163 recognit.
553 4084 667 4145 Buxerie.
