2716 4784
601 413 755 493 ..69-

133 557 235 600 canum
250 553 278 601 et
291 540 440 620 capitulum
455 553 550 602 sancte
583 543 745 605 Viennensis
774 544 901 618 ecclesie,
927 563 961 605 ex
990 563 1044 606 una
1067 557 1156 623 parte,
1182 561 1209 607 et

133 635 211 696 dom.
245 636 400 717 Guigonem
419 637 561 699 dominum
594 639 750 717 Bellivisus,
774 659 809 702 ex
838 640 935 716 altera,
966 659 1050 721 super
1082 640 1209 703 omnibus

135 732 230 794 causis
245 752 332 813 usque
348 733 383 793 ad
398 747 555 813 presentem
571 734 654 796 diem.

177 847 243 908 35¹·
263 835 329 891 Item
344 843 454 910 reperta
471 844 512 892 est
527 831 611 911 qued.
627 832 717 893 littera
733 831 842 894 duobus
858 831 952 912 sigillis
970 831 1087 912 sigillata
1108 830 1209 911 inpen-

133 924 223 1000 denti‚
238 925 341 1006 scripta
358 927 410 989 sub
438 946 511 989 anno
537 928 590 988 Diri
609 935 849 1004 M⁰CC⁰LXXVI⁰,
864 928 909 990 die
921 928 1060 990 dominica
1076 941 1140 990 ante
1152 927 1210 988 les-

131 1036 191 1084 tum
207 1023 238 1083 b⁰
251 1024 338 1085 Marie
356 1025 533 1104 Magdelenes
552 1038 572 1101 ¹,
593 1039 719 1088 emanata
732 1047 747 1088 a
763 1026 840 1088 domt‘
855 1027 1004 1089 Francisco
1020 1026 1055 1088 de
1069 1032 1207 1099 Bemenc,

130 1118 225 1197 judice
239 1132 306 1180 tunc
320 1119 392 1180 dom¹
403 1121 511 1182 comitis
538 1121 685 1198 sabaudie,
709 1134 737 1184 et
760 1122 840 1184 domo
864 1122 1003 1184 Anthoniu
1026 1123 1061 1184 de
1078 1128 1209 1183 Tumone

131 1215 231 1292 milite,
254 1215 375 1297 bayllivo
404 1217 432 1279 in
458 1217 530 1280 dicta
551 1231 625 1280 terra
645 1237 696 1300 pro
723 1219 798 1281 dicto
816 1219 928 1296 comite,
947 1220 1092 1282 continens
1106 1218 1210 1281 limita·

130 1312 224 1375 tiones
237 1326 266 1375 et
273 1313 407 1376 terminos
420 1314 621 1377 territoriorum
636 1329 664 1378 et
674 1315 879 1395 juridictionum
909 1330 1063 1379 castrorum
1093 1317 1129 1379 de
1142 1323 1211 1395 Sep

130 1423 256 1471 ternoex
273 1429 327 1471 una
341 1425 431 1491 parte,
449 1411 485 1473 de
503 1412 581 1475 Bello
596 1412 697 1475 Videre
719 1432 754 1475 ex
768 1413 853 1475 altera
868 1427 896 1476 et
915 1413 951 1475 dc
967 1421 1069 1476 Sancto
1096 1412 1209 1494 leorgio

131 1506 168 1568 de
182 1506 369 1586 Esperenchia
384 1527 418 1569 ex
430 1508 526 1584 altera,
555 1509 698 1570 ordinatos
710 1522 738 1571 et
759 1509 914 1571 declaratos
940 1530 991 1591 per
1008 1511 1096 1573 dictos
1112 1510 1210 1593 baylli-

130 1624 198 1664 vum
210 1617 239 1664 et
254 1603 373 1683 judicem
384 1604 419 1666 de
433 1624 569 1667 consensu
595 1605 699 1667 domini
719 1605 755 1667 de
769 1605 847 1668 Bello
859 1606 960 1669 Videre
988 1607 1023 1668 de
1041 1615 1157 1685 Marc03
1181 1621 1210 1669 et
1305 1662 1308 1673 .

132 1699 240 1781 primus
253 1700 387 1762 terminus
407 1700 502 1781 incipit
530 1722 546 1763 a
575 1715 660 1781 ponte
678 1707 778 1762 liveste
795 1715 823 1762 et
839 1702 928 1765 tendit
946 1722 996 1782 per
1023 1703 1075 1765 iter
1088 1723 1143 1784 quo
1155 1705 1210 1766 itur

130 1815 233 1858 versus
248 1809 277 1857 et
289 1816 338 1876 per
352 1811 416 1859 ante
425 1812 532 1878 portam
546 1798 581 1861 de
598 1799 707 1880 Lagier,
726 1812 755 1860 et
770 1819 786 1860 a
800 1813 881 1879 porta
896 1799 931 1861 de
948 1800 1047 1881 Lagier
1070 1819 1120 1880 per
1135 1800 1208 1861 viam

131 1894 168 1954 de
186 1893 285 1975 Piayni
299 1913 386 1974 usque
401 1895 452 1956 a'la
465 1897 603 1976 charpena
612 1896 647 1957 dc
659 1904 748 1973 Murz,
765 1909 793 1958 et
806 1896 842 1958 de
855 1897 995 1976 charpena
1010 1896 1046 1957 de
1068 1903 1147 1956 Murz
1159 1914 1210 1976 per

131 1990 264 2052 combam
280 1991 315 2052 de
330 1992 379 2052 Val
397 1993 505 2075 Freyde
522 2013 610 2077 usque
624 1994 659 2055 ad
674 2014 773 2075 aquam
790 2014 844 2074 que
865 1993 1011 2074 vulgaliter
1025 1992 1125 2054 dicitur
1138 2000 1211 2055 Ves-

133 2106 236 2161 sanna‚
248 2100 302 2149 eta
316 2088 388 2151 dicta
403 2096 545 2152 Vessanna
556 2104 630 2153 recte
643 2111 730 2172 usque
746 2091 781 2152 ad
798 2090 913 2153 sorbaut
924 2090 960 2152 de
977 2087 1147 2164 Frumental,
1156 2100 1209 2149 eta

135 2184 213 2246 dicto
237 2184 351 2247 sorbaut
378 2205 475 2249 versus
500 2201 609 2268 pratum
636 2188 711 2269 quod
739 2201 816 2251 tenet
829 2195 918 2270 Aymo
936 2193 1068 2249 Tormerz
1085 2185 1120 2246 de
1132 2184 1210 2247 dom⁰

132 2282 286 2343 Guillelmo
295 2282 330 2343 de
346 2283 415 2344 Villa
432 2291 523 2361 Nova,
540 2298 593 2347 eta
606 2285 732 2367 predictp
742 2298 822 2365 prato
836 2298 912 2346 recte
924 2303 1011 2364 usque
1023 2284 1058 2344 ad
1073 2297 1208 2345 carsatam

131 2379 227 2460 stagni
240 2380 359 2441 condam
375 2379 449 2441 dom¹
462 2381 566 2443 alberti
581 2382 617 2443 de
634 2381 746 2443 Bamol'
759 2380 868 2459 militis;
883 2394 911 2443 et
920 2381 1076 2442 continetur
1086 2379 1167 2440 etiam
1181 2379 1210 2440 in

131 2477 207 2539 dicta
232 2464 327 2539 lietera
353 2477 432 2557 quod⁴
445 2478 572 2540 animalia
587 2478 622 2541 de
638 2485 768 2558 Septemo
784 2490 901 2558 possunt
925 2477 1028 2538 intrare
1042 2495 1126 2538 causa
1148 2495 1211 2556 pas-

131 2573 447 2656 queranditerritorium
462 2576 497 2636 de
518 2576 595 2638 Bello
614 2576 715 2638 Videre
741 2589 769 2637 et
794 2574 920 2637 animalia
943 2573 979 2635 de
1005 2572 1083 2635 Bello
1110 2571 1210 2632 Videre

131 2684 251 2753 possunt
265 2671 367 2732 intrare
382 2671 549 2733 territorium
562 2673 598 2734 de
615 2679 756 2753 Septemo,
772 2671 894 2752 qualibet
905 2683 988 2731 nocte
1003 2669 1106 2731 debent
1119 2667 1210 2729 redire

131 2769 168 2830 ad
181 2780 259 2830 tecta
272 2787 321 2828 sua
337 2768 395 2830 sive
406 2768 507 2831 cubilia
521 2769 580 2831 sine
593 2769 683 2850 aliqua
698 2768 841 2830 exactione
860 2789 867 2829 :
897 2780 926 2829 et
941 2767 978 2828 ita
992 2765 1043 2826 luit
1069 2764 1209 2845 cognitum

131 2879 160 2926 et
170 2854 329 2926 ordinatum
342 2883 392 2944 per
406 2864 482 2926 dom.
497 2871 609 2927 Petrum
622 2866 657 2927 de
669 2872 775 2927 Uncteu
786 2877 814 2925 et
824 2864 899 2925 dom.
912 2862 1085 2924 Guillelmum
1096 2863 1131 2924 de
1141 2861 1210 2924 Villa

132 2967 216 3023 Nova
233 2959 343 3033 milites,
362 2973 390 3022 et
401 2961 584 3042 approbatum
601 2981 651 3042 per
667 2961 756 3023 dictos
771 2960 819 3022 dd.
837 2954 955 3038 judicem
981 2973 1008 3022 et
1021 2960 1171 3044 bayllivum
1183 2972 1212 3021 ct

132 3057 278 3119 dominum
292 3056 327 3117 de
340 3057 526 3136 Bellovidere,
540 3072 571 3120 ut
592 3058 620 3120 in
635 3057 708 3119 dicta
721 3057 810 3119 littera
823 3056 989 3118 continetur.

177 3172 244 3234 352·
275 3161 353 3230 ltem,
383 3156 469 3236 quod.
496 3156 573 3237 publ.
593 3157 808 3236 instrumentum
839 3155 881 3235 (ut
911 3155 991 3235 342),
1007 3153 1052 3215 die
1062 3168 1105 3214 ιιιει
1119 3173 1208 3215 mens.

130 3252 261 3332 januarii,
277 3254 422 3315 continens
438 3255 596 3334 homagium
607 3254 701 3335 ligium
716 3255 751 3316 de
761 3272 880 3334 persona
894 3271 945 3332 per
959 3259 1072 3314 Petrum
1101 3252 1207 3313 llorelli

134 3350 170 3412 de
185 3350 294 3412 Albone
308 3351 385 3413 dom⁰
401 3365 498 3414 nostro
514 3351 645 3431 dalphino
659 3366 686 3414 et
701 3352 847 3414 terminum
862 3351 906 3432 (ut
919 3349 969 3430 ili)
982 3361 1010 3410 et
1024 3347 1143 3429 quedam
1156 3346 1209 3408 alia

132 3447 161 3509 in
177 3447 255 3509 dicto
270 3447 454 3510 instrumento
468 3461 609 3511 contenta.

175 3563 243 3625 353.
263 3552 341 3622 item,
369 3546 455 3627 quod.
487 3545 524 3608 al.
550 3546 761 3609 instrumentum
789 3546 831 3627 (ut
864 3545 945 3626 348),
975 3542 1120 3604 continens
1136 3541 1211 3622 quod

133 3641 238 3704 nobilis
252 3648 334 3723 Hugo
357 3642 488 3704 Larderie
501 3643 536 3704 de
553 3643 703 3725 Tuyriaco,
719 3654 883 3722 procurator
899 3654 927 3702 et
943 3637 1135 3720 procuratorio
1156 3656 1212 3699 no-

133 3741 208 3803 mine
222 3741 258 3801 ad
272 3740 323 3801 hec
337 3739 410 3802 dom*
431 3740 575 3802 Bertrandi
604 3740 640 3801 de
662 3746 757 3800 Monte
784 3744 917 3820 Meyrano
943 3734 1045 3809 militis,
1069 3733 1222 3796 confessus

131 3838 222 3899 luit...
234 3835 262 3898 et
280 3836 391 3917 publice
404 3836 566 3917 recognovit
580 3856 610 3898 se
632 3849 728 3897 tenere
752 3847 780 3896 et
810 3847 906 3894 tenere
934 3831 1037 3893 debere
1050 3831 1078 3892 in
1098 3831 1212 3913 feudum

129 3934 259 3995 francum
273 3946 301 3994 et
314 3933 435 3996 nobilea
452 3933 565 3995 domino
589 3945 686 3995 nostro
700 3930 832 4013 dalphino
848 3929 940 3992 omnia
955 3929 1084 3993 universa
1104 3943 1133 3992 et
1153 3929 1213 3999 sin-

172 4152 194 4191 ι.
212 4137 234 4188 Α
250 4135 361 4191 Mand...
404 4201 407 4205 ‚
