2716 4784
612 413 791 494 ..258-

206 562 291 626 ¹455·
311 553 392 618 Item,
406 544 494 626 quod.
506 544 626 607 vidimus
634 545 768 625 scriptum
781 543 834 607 sub
848 561 924 607 anno
940 544 1000 607 nni
1017 550 1231 623 mccxlii,

160 643 205 706 die
217 661 245 706 xr
264 643 365 705 mensis
378 642 519 718 febroarii,
530 662 614 705 manu
629 642 761 724 Stephani
775 641 918 705 Cbeurerii
928 641 968 706 de
987 643 1168 723 Calvomote,
1177 664 1235 709 con-

157 742 250 804 tinens
263 742 349 824 quod.
365 742 577 803 instrumentum
587 741 615 802 in
624 760 681 822 quo
694 739 852 802 continetur
860 739 937 820 quod
946 738 1032 803 dom.
1056 741 1236 825 Rod(ulphus)

157 858 252 903 comes
267 840 458 902 Gebenrtensis
470 839 536 901 fecit
549 838 708 901 fidelitatem
721 851 750 900 et
763 836 921 918 homagium
931 836 971 899 ill¹
984 838 1053 900 viro
1071 838 1150 901 dom.
1165 845 1238 900 Petro

157 939 251 1002 comiti
266 938 415 1014 sabaudie,
435 937 512 1000 salva
526 936 658 1000 fidelitate
672 934 847 1017 imperatoris
861 950 890 999 et
909 936 1123 1018 episcoporum
1137 937 1237 1001 Gaben-

156 1038 250 1100 nensis
264 1036 366 1118 ubique
382 1050 410 1097 et
426 1034 561 1097 Lausanie
574 1034 646 1097 ultra
661 1034 798 1097 Albonam
824 1047 853 1096 et
866 1033 947 1096 salva
959 1032 1105 1099 fidelitate
1118 1034 1236 1117 Guigonis

156 1135 278 1216 dalphini
292 1135 320 1196 in
336 1148 410 1195 terra
422 1132 557 1210 ejusdem.

200 1237 285 1313 ¹45⁶·
304 1239 382 1303 Item,
398 1230 485 1312 quod.
498 1230 575 1312 publ.
590 1229 802 1293 instrumentum
816 1228 860 1313 (ot
879 1229 983 1312 1450),
1000 1228 1053 1293 die
1067 1244 1134 1293 κη’
1147 1229 1239 1294 mensis

155 1328 296 1403 febroarii,
317 1328 463 1391 continens
483 1328 643 1409 homagium
664 1328 808 1410 prestitum
828 1327 911 1389 domo
934 1326 1080 1409 dalphino
1101 1327 1238 1392 Viennensi

154 1446 205 1508 per
220 1427 297 1488 dom.
317 1427 470 1489 Iohannem
485 1427 627 1490 dominum
653 1426 736 1489 castri
756 1426 792 1489 de
813 1431 941 1508 Nernyer
963 1436 995 1487 et
1015 1426 1235 1507 recognitionem

114 1594 118 1601 g
153 1523 253 1586 factam
268 1543 318 1606 per
331 1524 470 1599 eumdem,
493 1525 539 1605 qui
557 1524 721 1604 recognovit
734 1542 765 1586 se
776 1536 872 1585 tenere
886 1522 923 1584 de
938 1520 1029 1584 feudo
1057 1523 1129 1586 dicti
1145 1522 1237 1586 domini

155 1622 313 1703 Fucigniaci
323 1636 442 1685 castrum
455 1641 535 1684 suum
551 1621 586 1684 de
598 1627 726 1704 Nemyer
742 1634 770 1683 et
783 1621 876 1683 omnia
888 1619 941 1683 alia
955 1632 986 1683 et
999 1620 1119 1704 singula
1128 1623 1237 1705 queipse

153 1720 252 1799 eteius
277 1721 490 1800 predecessores
511 1719 578 1781 alias
592 1719 712 1782 confessi
736 1719 847 1781 fuerunt
869 1731 969 1781 tenere
989 1739 1007 1781 a
1029 1719 1114 1783 dicto
1135 1720 1237 1784 domino

154 1819 313 1899 Fucigniaci
329 1832 358 1881 et
370 1818 590 1900 assignacionem
605 1817 759 1881 terminiad
775 1834 940 1900 recognosc.
957 1818 1099 1899 particul.
1115 1819 1233 1883 etdistin

152 1915 223 1977 infra
239 1931 309 1978 cert.
325 1929 411 1997 temp.
426 1917 479 1995 jam
495 1915 582 1996 elaps.

196 2033 281 2092 ¹457·
295 2021 374 2087 hem,
391 2013 477 2094 quod.
494 2012 571 2093 publ.
589 2013 802 2075 instrumentum
816 2012 948 2094 scriptum
965 2033 1055 2077 manu
1073 2015 1152 2079 Petri
1166 2022 1233 2097 Lep·

152 2110 219 2172 derii
235 2109 334 2171 notarii
352 2123 379 2171 et
400 2110 537 2190 signatum
552 2110 632 2190 signo
647 2108 770 2190 magistri
788 2109 924 2172 Guillelmi
940 2109 979 2173 de
1003 2112 1160 2175 saviniaco
1168 2123 1232 2186 not,

150 2206 296 2287 sigillatum
314 2206 340 2266 in
356 2205 488 2286 pendenti
502 2206 612 2268 duobus
625 2205 730 2287 sigillis,
747 2205 799 2268 sub
820 2226 894 2269 anno
908 2207 965 2270 uni
982 2212 1182 2286 M01110XX10,
1194 2208 1234 2269 in-

150 2305 217 2367 dict.
236 2323 300 2379 run,
317 2322 395 2366 xxun
410 2304 455 2366 die
470 2304 572 2366 mensis
585 2303 728 2379 febroarii,
752 2304 898 2368 continens
909 2305 1165 2371 confirmacionem
1180 2307 1246 2375 fae.

148 2417 205 2466 tam
219 2422 270 2484 per
281 2402 358 2464 dom.
378 2409 524 2484 Hugonem
541 2401 668 2482 Delphini
678 2402 715 2464 de
724 2402 925 2467 donacionibus
936 2424 991 2486 per
1003 2425 1075 2468 eum
1088 2404 1234 2469 factisdtiis

149 2500 270 2610 Guigoni
282 2514 310 2563 et
325 2499 480 2561 Humberto
497 2498 628 2579 dalphino
643 2498 775 2562 fratribus
790 2500 826 2562 de
846 2514 905 2563 tota
917 2514 995 2565 terra
1009 2522 1079 2581 sua,
1096 2503 1233 2567 continens

148 2598 235 2660 eciam
251 2597 345 2678 plures
372 2597 551 2658 condiciones
565 2609 593 2658 et
614 2595 821 2661 convenciones
834 2596 957 2662 inhitas
948 2614 1025 2664 mter
1039 2600 1122 2683 ipsas
1135 2612 1231 2727 parter,

148 2708 179 2756 ut
188 2695 347 2757 continetur
360 2694 388 2755 in
401 2695 461 2774 ipso
474 2692 574 2756 instr‘h

194 2792 279 2871 1458.
299 2799 378 2866 Item,
397 2792 484 2873 quod
501 2790 620 2853 vidimus
632 2791 735 2853 factum
752 2811 836 2855 manu
859 2793 934 2856 Petri
949 2797 1081 2860 Gauterii
1099 2799 1137 2862 de
1151 2797 1232 2861 clusit

146 2901 175 2950 et
187 2888 372 2969 subscriptum
387 2909 469 2950 manu
484 2889 604 2950 hnselmi
615 2889 650 2950 de
666 2890 802 2970 Hospitali
817 2904 845 2953 et
856 2910 939 2952 manu
958 2892 1053 2959 Roleti
1072 2896 1177 2978 Pugini
1186 2915 1229 2957 no·
1269 2954 1273 2969 ,

145 2986 278 3047 tariorum
297 2986 400 3066 public.
418 2986 469 3048 sub
484 3005 557 3047 anno
579 2986 633 3048 Diri
650 2988 886 3063 M⁰IICLXXV110,
900 2987 988 3051 indic.
1006 3003 1053 3067 νᾶ,
1070 2993 1162 3072 pridie
1182 3012 1232 3054 no-

145 3103 196 3145 nas
210 3083 352 3160 febroarii,
368 3104 422 3166 que
432 3097 474 3146 est
488 3084 611 3164 receptio
633 3085 819 3161 instrumenti,
846 3084 967 3148 vidimus
981 3106 1054 3150 vero
1068 3089 1176 3153 factum
1187 3089 1231 3152 fuit

144 3180 197 3242 sub
207 3200 280 3244 anno
292 3182 345 3243 Drii
359 3186 589 3244 M⁰ccc⁰xxrx0
604 3203 612 3260 ;
628 3195 656 3244 et
669 3183 892 3265 continetipsum
908 3183 1056 3247 instrumm
1068 3187 1147 3269 quod
1157 3185 1231 3249 nobi

143 3276 176 3339 lis
191 3285 316 3360 Lyoneta
333 3277 443 3340 domina
458 3278 494 3341 de
506 3286 580 3353 lasz,
599 3279 788 3343 devoluntate
806 3281 881 3343 Petri
895 3279 1007 3360 filiirni,
1022 3281 1228 3366 imperpetuum

143 3375 268 3437 vendidit
282 3375 318 3437 illi
330 3376 408 3437 dom⁰
423 3376 572 3458 B(eatrici)
584 3376 734 3439 Viennensi
748 3377 888 3440 comitisse
901 3392 931 3440 et
943 3377 1060 3442 domine
1072 3379 1229 3464 Fucigniaci

141 3472 256 3535 feudum
267 3474 350 3536 castri
360 3474 395 3536 de
409 3479 547 3556 Nemyer,
561 3492 624 3535 cum
635 3474 763 3537 omnibus
774 3494 829 3556 que
838 3476 917 3537 doma
932 3484 1063 3558 Lyoneta
1074 3477 1228 3541 habebatis

142 3568 218 3631 dicto
235 3585 328 3633 castro
345 3585 372 3632 et
389 3570 585 3632 mandamento
596 3567 701 3650 ipsius,
720 3572 786 3633 item
803 3571 938 3654 quidquid
952 3573 1090 3638 dontinus
1103 3575 1187 3639 castri
1197 3574 1229 3636 de

141 3666 205 3728 Arlo
220 3668 333 3729 tenebat
350 3682 377 3729 et
392 3668 495 3730 habere
513 3667 634 3729 debebat
654 3668 682 3728 in
699 3668 812 3730 feudum
833 3691 850 3732 a
871 3670 945 3732 dicta
965 3670 1045 3734 dom.
1064 3671 1227 3756 Lyonetain

140 3777 232 3824 castro
248 3764 284 3826 de
299 3766 364 3826 Arlo
379 3778 407 3827 et
421 3765 479 3845 ejus
494 3765 707 3843 mandamento,
725 3767 820 3846 precio
839 3770 879 3830 llc
893 3768 1026 3831 librarum
1044 3771 1187 3857 viennen.
1203 3781 1227 3831 et

138 3877 166 3919 xr
179 3859 273 3923 librar.
290 3863 455 3926 Gebennen.
701 3934 703 3939 ,

182 3974 266 4038 1459.
296 3966 375 4038 Item,
401 3960 487 4043 quod.
514 3962 592 4042 publ.
615 3963 830 4026 instrumentum
860 3964 994 4046 scripturn
1023 3986 1114 4032 manu
1132 3967 1226 4032 Hunb¹

139 4053 220 4117 Pilati
238 4069 296 4118 not.
314 4058 365 4120 sub
382 4078 456 4120 anno
473 4060 526 4120 uni
541 4063 795 4140 hl⁰lllssxxxllll⁰‚
821 4061 920 4125 indict.
933 4081 979 4140 rr„
996 4063 1044 4128 die
1062 4082 1118 4131 ux²
1130 4066 1227 4132 mersit

137 4152 294 4232 decenbris,
318 4156 463 4219 continens
486 4157 645 4239 homagium
672 4160 816 4242 prestitum
842 4181 894 4243 per
918 4161 999 4228 dom.
1019 4165 1182 4232 lobannero
1193 4165 1225 4228 de
