2716 4784
192 543 243 604 42.
263 533 331 586 ltem
352 539 492 606 repertum
510 539 553 588 est
568 527 642 588 aliud
656 527 869 590 instrumentum
886 517 1033 609 sigillatum
1046 527 1074 589 in
1087 527 1232 608 pendenti,

150 623 299 684 continens
315 634 510 685 testamentum
540 623 618 684 dom·
642 624 801 686 clemencie
829 625 1014 705 supradicte,
1036 642 1119 685 manu
1132 623 1230 685 notarii

151 719 286 780 nominati
301 719 329 779 in
345 719 406 799 ipso
420 734 448 782 et
459 721 511 783 sub
526 740 600 783 anno
617 742 673 802 quo
689 741 783 802 supra.
880 752 885 758 ⁴

192 832 242 892 43.
261 821 339 890 ltem,
365 817 471 897 quodd.
499 818 712 880 instrumentum
736 818 894 880 confectum
924 837 1008 879 manu
1032 817 1165 878 lobannis
1196 815 1233 879 de

152 911 282 972 Mallleco
310 913 409 974 notarii
437 914 531 994 publ,
555 915 607 976 sub
631 935 705 977 anno
724 923 861 977 lncamat.
893 914 980 976 Dnice
1004 919 1230 990 M⁰CC⁰XLVH⁰,

151 1009 197 1070 die
212 1008 307 1070 martis
334 1023 398 1072 ante
416 1011 516 1073 festum
542 1012 623 1074 beate
655 1012 741 1074 Marie
759 1013 950 1094 magdalenes,
978 1011 1124 1073 continens
1153 1011 1231 1092 quod

150 1124 237 1185 super
247 1105 391 1186 questione
406 1107 511 1169 dudum
527 1109 620 1170 habita
634 1122 663 1170 et
678 1123 805 1171 vertente
819 1109 891 1170 inter
902 1109 1035 1170 illustrem
1053 1107 1130 1170 dom.
1144 1115 1233 1169 Karo-

148 1201 207 1263 lum
223 1201 307 1264 libum
321 1202 395 1283 regis
413 1204 528 1266 Francie
557 1219 584 1267 et
610 1206 686 1268 dom.
707 1205 841 1269 Beatricis
856 1205 922 1288 (leg.
940 1205 1057 1286 Bcem)
1076 1205 1136 1284 ejus
1160 1224 1233 1266 uxo·
1302 1229 1304 1232 ·

149 1319 222 1375 rern,
237 1319 271 1361 ex
287 1319 342 1361 una
358 1313 447 1380 parte,
464 1315 493 1364 et
509 1302 585 1363 dom.
603 1303 758 1384 Guigonem
787 1303 958 1384 dalphinum,
975 1322 1009 1363 ex
1028 1301 1126 1377 altera,
1148 1318 1233 1380 super

147 1409 224 1458 terra
240 1409 268 1456 et
283 1396 414 1459 comitatu
428 1398 584 1479 vapincesii
602 1413 629 1461 et
651 1400 780 1462 omnibus
794 1419 847 1481 que
876 1400 950 1460 idem
979 1399 1056 1460 dom.
1084 1399 1231 1479 dalphinus

145 1506 226 1554 tenet
236 1492 265 1553 in
277 1493 408 1557 comitatu
422 1495 620 1577 Forcalquerii,
640 1516 694 1576 que
708 1497 800 1558 omnia
811 1497 884 1559 idem
899 1516 949 1557 rex
963 1496 997 1557 ad
1008 1515 1039 1558 se
1054 1495 1228 1577 asse(re)bat

146 1589 300 1670 pertinere,
315 1591 404 1653 extitit
415 1606 585 1654 transactum
601 1593 676 1674 quod
705 1593 778 1653 idem
799 1592 875 1654 dom.
901 1591 1021 1673 G(uigo)
1047 1605 1232 1672 recognoscat

145 1687 242 1749 omnia
259 1687 384 1767 predicta
398 1708 453 1770 que
465 1702 542 1750 tenet
551 1689 621 1750 infra
631 1689 764 1751 terminos
779 1689 921 1769 predictos
932 1689 1021 1750 teneri
1035 1708 1051 1749 a
1066 1689 1145 1749 dom⁰
1162 1707 1231 1770 rege

146 1783 321 1865 supradicto,
333 1798 361 1846 et
376 1785 450 1848 idem
467 1786 543 1848 dom.
560 1805 611 1848 ren
624 1799 653 1849 et
665 1786 724 1864 ejus
750 1805 820 1848 uxor
831 1785 960 1847 eumdem
982 1784 1059 1846 dom.
1075 1785 1230 1865 Guigonem

147 1883 285 1965 quictavit
300 1884 335 1944 de
349 1883 501 1965 premissis,
524 1884 595 1947 etin
622 1903 678 1965 quo
690 1884 874 1947 instrumento
889 1882 1008 1964 quedam
1028 1883 1081 1945 alia
1098 1896 1180 1962 pacta
1203 1896 1230 1945 et

148 1983 352 2044 conventiones
366 1981 561 2045 describuntur
583 1997 611 2045 et
624 1996 757 2044 narantur
776 2001 845 2063 quas
869 1983 983 2063 lungum
998 1994 1073 2044 esset
1086 1999 1228 2058 enarrare,

147 2094 183 2142 et
195 2093 261 2141 sunt
274 2078 384 2141 duobus
399 2079 495 2160 sigillis
507 2079 536 2140 in
546 2079 638 2141 cerico
649 2079 736 2141 rubeo
751 2078 878 2160 sigillato.

189 2196 240 2255 44.
259 2184 338 2253 item,
351 2177 457 2258 quodd.
484 2177 716 2239 instrumentum¹
737 2176 847 2238 duobus
876 2175 972 2257 sigilbs
992 2176 1020 2237 in
1043 2175 1175 2256 pendenti
1190 2175 1231 2238 si·
1311 2198 1314 2207 ¹

146 2275 284 2357 gillatum,
299 2274 432 2354 scripturn
446 2274 498 2337 sub
512 2294 586 2336 anno
618 2275 670 2337 oni
689 2275 882 2347 Mocconxh,
899 2285 943 2334 ιιιο
960 2273 1023 2335 idus
1037 2272 1144 2348 marcii,
1159 2291 1230 2336 con-

145 2372 240 2435 tinens
252 2386 447 2435 testamentum
463 2387 491 2434 et
505 2372 628 2434 ultimam
656 2373 827 2435 voluntatem
853 2371 932 2432 dom⁰
961 2372 1092 2451 Agnesie‚
1117 2372 1230 2434 domine

148 2469 322 2550 Fucigniaci,
332 2469 361 2530 in
374 2489 430 2550 quo
444 2469 496 2532 sibi
504 2470 636 2531 heredem
652 2468 836 2531 universalem
852 2467 970 2530 instituit
980 2468 1056 2530 dom.
1073 2469 1227 2531 Beatricem

146 2567 208 2645 ejus
233 2565 327 2641 filiam,
344 2565 502 2646 dalphinam
519 2566 715 2641 Viennensem,
745 2565 821 2646 quod
843 2565 1056 2643 instrumentum
1069 2563 1128 2626 siue
1145 2577 1230 2626 testa-

148 2678 274 2726 mentum
284 2663 407 2725 clausurn
421 2663 511 2724 extitit
527 2676 555 2724 et
566 2663 617 2724 luit
633 2675 759 2742 apertum
774 2675 804 2723 ut
828 2661 986 2723 continetur
1001 2661 1030 2722 in
1055 2661 1140 2723 dorso
1163 2661 1229 2726 dicti

147 2762 320 2826 testamenti.

189 2878 241 2939 45.
262 2865 341 2934 Item,
353 2858 440 2939 quod.
457 2857 597 2939 publicum
615 2857 829 2945 instrumentum
842 2855 975 2938 scriptum
997 2876 1079 2919 manu
1094 2858 1228 2920 lobannis

147 2958 184 3018 de
201 2963 305 3017 Sancto
319 2955 453 3037 Dyonisio
463 2953 626 3017 habitatoris
641 2954 797 3030 Bellivisus,
812 2955 865 3017 sub
880 2973 954 3016 anno
974 2960 1113 3018 lncamat.
1140 2955 1228 3019 Dr‘rice

147 3053 275 3133 ejusdem
309 3056 496 3127 M⁰cec⁰1x⁰,
525 3051 671 3114 continens
699 3051 861 3133 >homagium
881 3051 1027 3131 prestitum
1069 3072 1119 3133 per
1147 3054 1254 3116 dom.'

143 3151 300 3213 lobannem
317 3149 478 3229 dalphinum
490 3148 569 3211 dom⁰
587 3149 711 3212 Roberto
726 3149 776 3210 Dei
793 3149 882 3229 gratia
895 3149 1066 3211 iherusalem
1081 3163 1110 3212 et
1123 3150 1226 3213 Cecilie

144 3247 220 3328 regi,
234 3261 263 3309 et
276 3245 439 3327 recognovit
454 3244 538 3307 abeo
551 3259 649 3307 tenere
663 3244 795 3326 quicquid
810 3258 887 3307 tenet
901 3263 951 3326 per
968 3264 998 3307 se
1011 3244 1055 3307 vel
1070 3265 1120 3326 per
1140 3246 1224 3307 alium

143 3346 174 3407 in
190 3343 316 3424 partibus
329 3342 485 3423 Vapincesii
501 3343 545 3404 vel
570 3342 635 3404 alibi
648 3343 677 3405 in
691 3343 823 3405 comitatu
839 3343 1007 3423 vapincesii,
1025 3358 1053 3406 et
1079 3344 1121 3421 jus
1151 3344 1226 3425 quod

143 3440 271 3504 babebat
286 3440 313 3501 in
324 3439 446 3500 dominio
458 3453 487 3500 et
497 3438 674 3517 juridictione
686 3439 837 3520 Dragoneti
861 3439 897 3501 de
917 3439 1119 3502 Montealbano
1136 3454 1171 3502 ⁴et
1197 3440 1225 3503 in

142 3539 220 3602 valle
231 3537 266 3598 de
278 3536 411 3618 Roignes,
431 3549 513 3617 prout
529 3522 582 3599 hec
596 3550 624 3599 et
638 3537 716 3618 plura
732 3537 785 3599 alia
808 3537 836 3598 in
862 3537 937 3599 dicto
956 3537 1139 3600 instrumento
1157 3556 1227 3600 con-

138 3623 302 3704 tinemut(

184 3733 238 3812 46.
257 3739 336 3809 Item,
352 3733 438 3813 quod.
457 3732 598 3813 publicum
614 3733 827 3794 instrumentum
841 3731 974 3811 scriptum
989 3749 1072 3793 manu
1089 3731 1226 3794 Guillelmi

134 3834 179 3895 de
196 3829 477 3906 ,Samcinaconotarii
502 3830 594 3911 publ,
611 3829 664 3892 sul>
682 3847 756 3891 anno
772 3827 887 3890 Nativit.
908 3829 996 3891 Dnice
1009 3835 1227 3892 mcccxxv-

127 3925 164 3997 ’Π
170 3937 208 4004 1⁰,
230 3927 276 3989 die
288 3946 359 3988 xvrr·
371 3927 474 3990 mensis
487 3927 594 4004 marcii,
612 3926 708 3989 indict.
738 3945 801 4002 xtra,
816 3927 961 3990 continens
974 3941 1168 3991 testamentum
1182 3928 1227 3993 in-

179 4155 202 4192 ι.
222 4133 264 4188 On
278 4149 293 4186 a
307 4131 421 4204 templace'
435 4150 469 4190 crs
485 4142 545 4189 nots
559 4148 604 4204 par
618 4131 723 4204 quedam
739 4129 816 4187 litere.
