2716 4784
622 436 780 500 ,92-

203 551 272 629 466.
293 558 372 628 ltem,
398 552 483 633 qued.
512 553 607 614 lictere
636 552 665 612 in
694 549 826 632 pendenti
842 549 972 632 sigillate,
992 549 1099 630 scripte
1110 549 1217 612 subamo

164 649 366 721 M0110XL1110,
380 646 426 709 die
439 647 501 710 festi
516 647 542 709 b¹
557 646 744 709 Bartholomei
754 645 883 728 apostoli,
892 646 1070 709 continentes
1076 645 1151 727 quod
1162 646 1217 708 don.

164 742 255 824 Guigo
270 742 416 825 dalphinus
442 743 554 806 retinuit
567 743 643 805 dom.
660 742 827 804 almaricum
841 742 877 805 de
890 740 1042 825 Turreyio‚
1058 740 1145 804 hlium
1168 741 1219 803 don¹

79 914 85 933 ³
166 838 305 901 lamberti
319 838 354 900 de
365 840 488 915 Limons,
501 840 537 901 de
554 853 646 903 castro
669 839 764 902 Servio
779 839 876 918 etejus
889 838 1104 914 mandamento,
1122 837 1221 920 exceptis

164 936 328 1018 quibusdam
357 937 440 1000 rebus
462 937 490 1000 in
511 937 613 1007 limeris
642 937 790 1013 contentis,
817 956 868 1018 pro
890 955 945 1018 quo
960 951 1056 1001 castro
1075 937 1150 1001 idem
1165 937 1221 999 don.

164 1031 317 1095 almaricus
330 1033 420 1096 eidem
435 1034 500 1097 lecit
515 1034 674 1115 homagium
688 1033 794 1115 ligium.

201 1130 271 1209 467.
290 1137 369 1206 ltem,
386 1130 470 1211 qued.
485 1131 581 1193 lictere
596 1130 625 1192 in
647 1130 781 1212 pendenti
804 1131 932 1211 sigillate,
965 1130 1072 1212 scripte
1104 1129 1156 1193 suh
1169 1146 1223 1192 anm

60 1262 63 1267 ·
167 1223 221 1286 uni
237 1217 550 1306 nolumuagov'uu,
578 1227 623 1290 die
652 1227 723 1306 jovis
749 1240 813 1307 post
841 1227 940 1289 festum
957 1225 989 1289 b⁰
1017 1225 1222 1309 uueiemgnis,

165 1323 338 1385 continentes
355 1325 430 1404 quod
448 1325 524 1386 dom.
541 1333 677 1407 hymarus
695 1326 730 1387 de
750 1325 876 1388 Pictavia
890 1325 1036 1388 confessus
1050 1326 1105 1388 fuit‘
1119 1324 1224 1388 habuisse

166 1441 182 1482 a
197 1419 361 1501 quibusdam
375 1421 546 1484 solventibus
560 1421 672 1484 nomine
686 1421 759 1484 dom¹
782 1421 927 1485 llumberti
943 1421 1069 1502 dalphini
1089 1425 1138 1483 ll¹n
1151 1421 1222 1483 librar.

167 1522 309 1578 Toronen.
324 1536 486 1599 parvorum,
503 1518 538 1580 de
550 1519 670 1600 quodam
688 1518 783 1581 debito
797 1518 894 1598 majori
919 1519 1018 1600 inquo
1033 1518 1088 1581 sibi
1100 1518 1225 1582 tenebatur

166 1632 300 1676 excausa
314 1615 413 1692 mutui,
430 1615 503 1680 unde
521 1616 654 1698 quictavit
679 1629 800 1679 castrum
816 1615 921 1679 Cabioli
940 1614 992 1678 sibi
1008 1629 1161 1698 propterea
1170 1612 1226 1678 obli·

166 1724 271 1793 gatum.

205 1810 275 1889 468.
293 1818 373 1887 ltem,
385 1812 471 1893 quod.
485 1812 696 1874 instrumentum
709 1810 841 1891 scriptum
853 1810 882 1870 in
890 1828 946 1871 una
960 1829 1067 1892 magna
1081 1811 1154 1892 pelle
1164 1828 1226 1872 manu

166 1907 299 1990 hymonis
309 1907 344 1971 de
355 1908 488 1970 Tomalol
502 1921 575 1984 not,
592 1907 724 1971 subanno
734 1908 822 1970 Dhice
831 1915 939 1970 locam.
951 1906 1224 1984 tt⁰11⁶xc⁰v⁰‚indic.

166 2017 240 2080 vrut,
254 2005 399 2067 continens
409 2005 639 2085 compromissum
654 2018 683 2066 et
696 2004 960 2085 pronunciacionem
969 2004 1151 2088 questionum
1175 2022 1225 2066 ver-

167 2101 283 2163 tentium
315 2100 420 2163 dudum
442 2102 606 2164 interdum.
627 2102 810 2164 llumbertum
835 2101 995 2186 dalphinum
1019 2101 1228 2164 Viennensemet

167 2196 197 2257 d.
218 2195 380 2277 episcopum
407 2197 582 2261 valentinen.
606 2205 808 2280 etDyensem,
830 2217 885 2280 que
904 2198 1109 2278 pronunciacio
1125 2198 1228 2261 continet

168 2292 279 2355 diversa
300 2293 420 2376 capitula
447 2308 475 2358 et
503 2294 626 2358 diversas
651 2295 796 2377 pactiones
818 2307 846 2357 et
869 2294 1052 2358 condiciones
1077 2295 1151 2358 inter
1168 2295 1227 2377 ipsos

167 2390 295 2453 dominos
312 2403 332 2452 ¹.
377 2437 379 2443 .
417 2406 420 2412 ·

135 2555 138 2560 ,
205 2489 277 2569 469.
287 2495 366 2566 ltem,
375 2489 507 2569 quodal.
517 2489 594 2570 publ.
609 2489 820 2551 instrumentum
826 2508 909 2551 manu
923 2487 989 2551 dicti
1000 2489 1105 2552 notarii
1115 2489 1225 2570 scriptun

166 2586 219 2649 sub
232 2585 336 2648 eisdem
346 2606 419 2649 anno
435 2599 463 2648 et
478 2586 535 2662 die,
545 2585 669 2666 ejusdem
680 2586 796 2661 tenoris,
823 2585 971 2667 sigillatum
995 2586 1024 2648 in
1039 2587 1180 2668 pendenti.

207 2691 368 2762 470.1tem,
383 2683 469 2765 quod.
486 2683 563 2764 publ.
590 2684 801 2745 instrumentum
828 2684 960 2764 scriptum
987 2703 1075 2746 manu
1100 2679 1226 2746 Raimundi

169 2780 271 2841 Esmini
285 2780 385 2842 notarii
411 2780 503 2861 publ,
530 2780 582 2842 sub
608 2800 680 2848 anno
703 2787 813 2843 lncarn.
840 2780 1175 2858 unicemultcxxxlu,
1193 2776 1227 2839 die

168 2889 227 2938 uim
250 2877 352 2939 mensis
375 2875 542 2957 septenbris,
561 2878 707 2941 continens
720 2877 936 2941 transactionem
956 2876 1133 2940 amicabilem
1148 2875 1226 2940 etde

167 2973 345 3035 cierationem
373 2973 553 3054 quarumdam
579 2975 754 3056 questionum
777 2994 831 3056 que
860 2974 1043 3037 vertebantur
1062 2975 1137 3038 inter
1164 2973 1224 3034 dom.

167 3068 329 3149 episcopum
348 3069 521 3132 Valentirren.
538 3084 566 3132 et
582 3079 721 3153 Dyensem
736 3091 771 3132 ex
789 3090 844 3132 una
861 3084 939 3151 parte
956 3083 984 3133 et
995 3071 1077 3133 dom.
1095 3080 1223 3155 hymaruu

169 3166 204 3227 de
216 3165 349 3243 pictavia,
364 3167 492 3230 comitem
513 3167 687 3231 valentinen.
713 3181 741 3230 et
767 3175 918 3249 Dyensem‚
950 3186 984 3229 ex
1009 3168 1103 3230 altera
1126 3181 1152 3230 et
1164 3166 1224 3227 dom.

169 3267 323 3348 Guigonem
337 3267 497 3348 dalphinum
511 3287 545 3330 ex
559 3268 656 3345 altera,
674 3287 759 3349 super
771 3268 865 3349 gardis
880 3282 908 3329 et
923 3268 1115 3348 pennoucellis
1132 3280 1158 3331 et
1177 3264 1225 3347 qui·

168 3365 285 3428 busdam
300 3365 537 3445 pignorationibus
557 3378 586 3427 et
598 3365 657 3427 aliis
672 3365 789 3427 indicto
803 3365 986 3427 instrumento
1015 3365 1163 3428 contentis.

207 3481 278 3542 471.
296 3470 375 3539 ltem,
391 3462 475 3544 qued:
490 3462 585 3524 lietera
599 3461 627 3524 in
648 3461 779 3543 pendenti
804 3462 922 3542 sigillata
935 3460 1025 3542 sigillo
1045 3460 1122 3523 dom*
1138 3456 1227 3524 auchie

168 3560 275 3641 piscopl
287 3559 461 3637 Viennensis,
476 3559 578 3639 scripta
593 3558 645 3620 sub
662 3577 735 3620 anno
747 3559 801 3619 Diui
817 3561 1096 3636 m⁰11⁶uxxxv111⁰‚
1105 3558 1228 3622 continens

169 3657 244 3735 quod
262 3655 350 3719 dictus
363 3656 439 3717 dom.
455 3655 680 3736 archiepiscopus
697 3654 848 3735 recipiebat
864 3654 893 3715 in
905 3674 955 3715 sua
968 3654 1137 3735 salvagarda
1151 3668 1229 3716 omnes

163 3753 295 3816 homines
311 3767 339 3816 et
355 3774 450 3816 eorum
465 3753 538 3815 bona
555 3754 698 3816 venientes
713 3752 748 3814 ad
760 3752 898 3814 nundinas
911 3752 1086 3815 dom¹³nostri
1101 3749 1220 3834 dalphini.
1244 3777 1246 3783 ·

210 3869 279 3929 472.
299 3859 377 3925 ltem,
389 3850 474 3932 quod.
491 3850 568 3932 publ.
591 3851 802 3914 instrumentum
817 3864 959 3931 receptum
972 3864 1000 3911 et
1016 3851 1155 3933 signatum
1165 3867 1232 3912 manu

169 3947 301 4010 iohannis
315 3948 475 4011 Amondrini
491 3948 601 4026 notarii,
616 3948 667 4011 sub
681 3968 754 4010 anno
768 3947 821 4010 Diri
837 3950 1068 4025 M01110llldlll⁰²
1089 3949 1167 4012 indit.
1181 3957 1234 4018 utu,

211 4167 232 4205 1.
248 4149 286 4204 lin
301 4168 334 4207 m.
351 4149 472 4206 Videatur
486 4151 517 4205 ad
532 4151 656 4207 sciendum
670 4149 690 4205 si
705 4149 754 4205 sint
767 4149 847 4222 alique
862 4149 949 4206 limites
963 4149 1102 4213 declarate.
