2716 4784
528 427 568 438 -
589 412 607 470 9
628 428 667 438 -.

53 540 83 587 et
98 527 260 606 possidebat
271 527 298 587 in
310 539 369 586 tota
379 539 452 585 terra
468 523 607 600 alvernie,
627 543 689 584 cum
704 523 809 600 juribus
831 537 858 583 et
871 523 1043 603 pertinentiis
1068 524 1135 599 suis,

53 637 82 684 et
93 642 146 703 pro
162 623 293 704 predictis
306 621 380 683 idem
395 621 471 682 dom.
486 621 575 682 Guilus
594 620 858 700 Rogeriiconfessus
872 620 922 681 tuit
932 633 960 681 et
974 621 1138 700 recognovit

56 721 183 800 predicta
193 720 285 781 omnia
300 732 327 780 et
337 719 445 799 singula
459 719 510 780 sibi
536 718 648 779 vendita
663 736 712 796 per
727 717 831 778 dictum
858 717 934 777 dom.
963 716 1135 795 dalphinum,

57 835 111 877 nec
125 836 183 877 non
195 831 222 877 et
237 815 385 896 pedagium
408 816 443 876 de
464 815 566 876 Brollio
583 834 614 876 se
629 828 726 875 tenere
743 827 771 875 et
792 826 889 874 tenere
908 813 980 873 velle
993 827 1021 874 et
1041 827 1138 875 tenere

57 913 163 974 debere
174 912 280 993 abipso
293 913 369 973 dom.
387 911 519 992 dalphino
534 926 562 973 et
574 912 630 972 suis
650 909 859 972 successoribus
872 909 899 971 in
917 923 944 971 et
971 929 1054 990 super
1084 912 1138 973 boc

56 1005 92 1066 ab
109 1006 171 1085 ipso
186 1025 295 1067 causam
307 1005 473 1066 habentibus
489 1005 517 1066 in
531 1005 655 1097 feudum,
672 1024 735 1066 cum
751 1004 833 1065 unico
848 1004 978 1084 homagio
995 1003 1140 1067 dumtaxat
1234 1067 1236 1071 .

58 1116 86 1164 et
100 1101 240 1164 fidelitatis
255 1102 349 1167 debito
364 1102 539 1180 jurament03
558 1121 608 1182 pro
623 1101 690 1180 ipsis
703 1099 831 1162 omnibus
846 1113 874 1161 et
887 1100 1002 1181 singulis
1019 1101 1138 1163 venditis

58 1219 112 1261 nec
135 1219 191 1260 non
214 1213 241 1260 et
263 1199 389 1278 predicto
406 1197 526 1278 pedagio
541 1199 576 1258 de
595 1198 697 1259 Brullio
715 1197 833 1278 predict.
852 1197 1011 1278 homagium
1027 1197 1138 1259 unicum

57 1296 124 1358 lecit
138 1309 166 1357 et
184 1295 302 1376 prestitit
315 1295 390 1356 dicto
410 1295 486 1357 dom.
504 1294 646 1374 dalphino‚
663 1307 745 1373 prout
759 1294 883 1374 predicta
898 1307 926 1355 et
940 1294 1019 1373 plura
1039 1295 1091 1355 alia
1111 1295 1139 1355 in

57 1394 121 1473 ipso
135 1393 318 1453 instrumento
334 1391 442 1472 plenius
453 1391 641 1452 continentur.

103 1510 148 1568 30.
168 1499 247 1566 ltem,
259 1490 345 1572 quod.
363 1490 574 1551 instrumentum
584 1490 687 1550 factum
700 1507 750 1566 per
764 1488 917 1548 iohannem
933 1487 1064 1564 Nicoleti,
1088 1487 1140 1549 sub

57 1606 133 1648 anno
150 1588 204 1650 Dni
223 1594 500 1660 M⁰CCCm⁰XXXV⁰‚
517 1587 562 1647 die
577 1604 624 1647 xvt
641 1585 743 1646 mensis
760 1585 864 1665 aprilis,
891 1585 1037 1646 continens
1063 1584 1139 1665 quod
1200 1603 1203 1611 ’

57 1685 136 1744 dom.
152 1685 310 1746 Ludovicus
320 1685 421 1763 junior,
437 1703 531 1745 comes
546 1684 581 1744 de
599 1683 778 1761 Contingent,
802 1683 910 1762 legatus
926 1703 942 1742 a
963 1682 1140 1744 serenissimo

56 1781 185 1862 principe
200 1781 276 1844 dom.
292 1781 435 1843 Ludovico
452 1789 639 1844 Romanorum
664 1780 842 1859 imperatore,
857 1779 934 1840 dedit
950 1779 1028 1840 dom⁰
1050 1787 1142 1839 Hum-
1207 1846 1210 1850 ,
1228 1767 1231 1772 ’

58 1877 142 1938 berto
152 1878 293 1957 dalphino,
306 1897 358 1958 pro
372 1894 402 1939 se
416 1892 443 1939 et
452 1877 661 1939 successoribus
675 1876 732 1937 suis
744 1875 898 1956 recipienti,
911 1894 1027 1954 regnum
1035 1877 1141 1938 Vienne

57 1994 123 2035 cum
138 1975 243 2054 juribus
259 1989 288 2036 et
302 1975 478 2056 pertinenciis
491 1975 558 2051 suis,
572 1988 600 2036 et
617 1973 747 2055 quicquid
761 1973 837 2034 dom.
852 1973 1002 2053 imperator
1021 1973 1142 2035 habebat

57 2086 88 2135 et
104 2073 157 2134 sibi
164 2087 323 2154 competere
337 2087 447 2153 poterat
461 2073 531 2134 infra
546 2093 661 2153 regnum
675 2073 840 2152 predictum.
1224 2150 1226 2154 Ι

105 2188 151 2244 3¹·
175 2176 254 2246 Item,
280 2171 364 2251 qued.
391 2171 481 2233 littera
504 2170 540 2232 ab
564 2170 624 2250 ipso
646 2171 814 2251 imperatore
838 2170 981 2231 Ludovico
1006 2187 1141 2230 concessa

58 2286 136 2328 anno
158 2269 213 2328 orti
236 2274 486 2342 M⁰CCC⁰XXXV⁰,
507 2254 652 2329 continens
669 2267 744 2349 quod
771 2269 830 2348 ipse
858 2267 1023 2329 ratillicabat
1049 2267 1142 2328 omnia
1192 2302 1197 2312 ·

58 2378 154 2444 pacta,
167 2366 372 2427 convenciones
389 2379 416 2428 et
430 2366 601 2427 donaciones
624 2365 712 2427 factas
733 2365 811 2425 dom⁰
839 2365 994 2425 Humberto
1009 2364 1141 2444 dalphino

58 2482 111 2544 per
126 2462 203 2523 dom.
218 2463 388 2524 Ludovicum
401 2463 548 2540 iuniorem,
567 2462 696 2524 comitem
709 2462 745 2523 de
760 2462 920 2541 Octingent.

286 2583 449 2626 PR1V1LEGtt
468 2583 660 2625 tmpuanrottts
679 2583 784 2625 unnout
803 2583 920 2640 thtrt.

100 2673 143 2727 32.
165 2654 262 2727 Primo,
278 2655 430 2729 privilegium
445 2654 568 2730 imperiale
583 2672 727 2711 concessum
742 2656 809 2711 dom.
827 2656 923 2712 Karolo
938 2656 1056 2730 dalphino
1070 2655 1143 2711 Vien·
1210 2644 1214 2651 ’

59 2744 142 2814 nensi,
166 2761 210 2816 per
234 2743 300 2816 quod
324 2743 402 2817 ipsum
427 2732 556 2799 constituit
575 2742 692 2798 vicarium
712 2744 848 2816 generalem
867 2743 890 2798 in
910 2754 965 2800 toto
980 2744 1143 2819 Dalphinatu,

59 2831 217 2906 pertinentiis
231 2842 256 2886 et
271 2831 386 2888 limitibus
401 2833 460 2905 suis,
477 2843 527 2889 tam
543 2832 566 2888 in
582 2832 663 2888 causis
677 2832 874 2906 appellacionunr
889 2851 963 2906 quam
978 2832 1030 2889 aliis
1045 2832 1144 2907 quibus·

59 2937 169 2994 cumque
183 2918 275 2991 iuribus
289 2930 314 2974 et
327 2920 524 2992 juridictionibus
539 2922 571 2976 ad
586 2920 665 2994 ipsum
680 2921 853 2994 imperatorem
868 2921 1037 2994 spectantibus
1059 2920 1081 2975 in
1103 2937 1144 2975 eo·

59 3009 118 3063 dem
135 3005 297 3079 Dalpbinatu‚
314 3025 457 3063 concessum
472 3015 559 3074 (anno)
575 3008 612 3061 M·
628 3009 705 3064 CCC·
721 3010 809 3064 LVll·.

101 3114 111 3166 3
120 3112 144 3166 3.
162 3096 222 3149 ltem
238 3092 391 3168 privilegium
407 3094 473 3150 aliud
489 3112 631 3151 conoessum
647 3095 724 3151 eidem
739 3097 807 3151 dom.
824 3094 942 3170 dalphino
962 3113 1036 3170 super
1057 3094 1145 3151 conlir·

60 3183 175 3240 matione
190 3190 343 3237 monetarum
358 3193 383 3238 et
398 3182 570 3256 pedagiorum,
586 3200 729 3239 concessum
744 3184 829 3238 eodem
845 3202 918 3238 anno.

100 3288 144 3342 34.
161 3271 232 3341 ltem,
248 3269 315 3325 aliud
331 3269 484 3344 privilegium
499 3289 642 3327 concessum
658 3269 734 3326 eidem
749 3272 816 3327 dom.
833 3271 951 3345 dalphino
965 3289 1039 3346 super
1057 3271 1144 3328 confir-

59 3357 174 3413 matione
193 3359 299 3430 generali
318 3376 530 3432 quorumcumque
544 3357 727 3432 privilegiorum
743 3359 800 3414 olim
815 3377 988 3415 concessorum
1003 3360 1080 3414 domis
1094 3360 1144 3415 dal-

59 3443 147 3516 phinis
163 3445 285 3517 preteritis
301 3465 344 3519 per
359 3449 529 3502 Romanorum
545 3447 715 3519 imperatores,
732 3465 874 3503 concessum
889 3448 974 3502 eodem
989 3465 1063 3502 anno.

103 3549 146 3604 35.
163 3534 233 3604 ltem,
249 3545 306 3588 sunt
321 3532 353 3590 ibi
368 3534 439 3607 copie
453 3535 499 3590 sub
514 3533 619 3590 vidimus
635 3534 767 3590 multorum
783 3533 965 3608 privilegiorum
981 3534 1143 3608 imperalium,

110 3718 156 3795 36.
178 3724 257 3794 ltem,
274 3719 414 3798 quoddam
433 3719 573 3799 publicum
589 3719 802 3780 instrumentum
813 3719 959 3799 sigillatum
976 3720 1003 3780 in
1014 3721 1146 3800 pendenti

55 3815 177 3877 duobus
188 3815 294 3896 magnis
304 3816 410 3896 sigillis,
427 3816 511 3877 videl.
525 3816 598 3876 domi
614 3815 732 3895 Philippi
749 3815 799 3876 Dei
814 3815 902 3895 gratia
932 3823 1057 3879 Navarre
1072 3817 1145 3898 regis

56 3925 90 3974 et
118 3909 194 3970 dom*
225 3912 369 3995 llumberti
398 3911 520 3992 dalphini
555 3912 730 3987 Viennensis,
762 3901 895 3994 scriptum
932 3934 1005 3978 anno
1036 3914 1144 3976 Domini

56 4013 307 4083 M⁰CCC⁰XXXV,
324 4009 474 4070 indictione
490 4025 543 4085 111³,
565 4009 667 4071 mensis
699 4010 807 4091 augusti
837 4011 882 4072 die
908 4032 978 4081 xtxl,
1008 4013 1143 4093 signatum

54 4105 194 4170 manibus
210 4107 354 4169 Humberti
371 4107 463 4182 Pilati,
480 4107 625 4169 Bertrandi
644 4109 796 4171 salamonis
808 4124 836 4171 et
855 4111 983 4171 Riclrardi
999 4111 1033 4172 de
1047 4118 1142 4184 Vesto,
