2716 4784
591 422 768 484 ..2,.-

120 608 124 615 ,
186 556 271 621 ¹5²9·
290 546 372 617 ltem,
397 539 451 603 tria
474 536 553 620 publ.
573 536 757 603 manumenta
783 537 889 619 scripta
923 554 1017 601 manu
1046 535 1219 601 lobannirde

142 642 239 700 llonte
253 636 289 699 de
301 642 465 718 cercennay
478 633 578 699 notarii
588 633 667 715 publ.
678 634 707 697 in
717 634 867 717 uoapelle,
878 633 1008 717 primum
1024 633 1080 699 tub
1093 652 1165 699 anno
1178 630 1222 695 ilii

144 740 335 810 ll⁰ccc⁰lll⁰,
352 733 449 796 indict.
466 746 511 809 ιιι,
526 732 622 795 ultima
635 731 682 794 die
693 732 797 795 mensis
805 730 953 810 febroarii,
969 732 1126 797 continens
1137 732 1225 793 homa-

141 832 217 917 gium
234 832 379 913 prestitum
393 850 445 913 per
461 830 644 893 llumbertum
659 829 696 893 de
710 836 825 893 ldenton
839 829 922 893 ιΙιιιιιο
942 829 1068 911 Hugoni
1084 827 1223 911 malphium

141 962 180 977 -
199 948 284 1009 ¹530·
300 935 334 992 lt.
352 927 506 991 secundum
524 940 551 991 ut
572 946 668 1010 supra,
686 936 761 993 xrnt'
785 926 900 991 kalend.
922 926 1080 1005 febroarii,
1096 926 1227 991 continens

142 1024 302 1107 homagium
329 1024 422 1109 ligium
454 1024 599 1106 prestitum
614 1044 665 1106 per
681 1023 890 1107 Frantfiscum)
907 1023 1067 1088 dominum
1082 1024 1120 1089 de
1137 1022 1226 1087 Neruis

142 1122 221 1185 ιιοιιιο
240 1122 352 1204 Hugoni
366 1122 493 1204 Dalphini
513 1136 542 1187 et
566 1122 732 1205 recognovit
745 1136 882 1186 setenere
893 1120 934 1185 ab
947 1122 1061 1187 eodem
1075 1122 1107 1187 iu
1128 1120 1228 1185 leudum

141 1220 249 1295 aulam,
279 1221 393 1298 turrim,
415 1220 610 1304 peycheriarn,
633 1220 781 1303 pedagium
813 1220 850 1283 de
872 1220 983 1283 Nemie
1007 1234 1041 1285 et
1075 1218 1228 1303 generaliter

141 1318 235 1381 omnia
246 1317 298 1380 alia
312 1337 366 1399 que
382 1318 441 1399 ipse
455 1332 483 1381 et
492 1318 533 1381 sui
542 1316 756 1400 predecessores
763 1331 859 1382 tenere
868 1316 1004 1381 solebant
1016 1317 1057 1381 de
1069 1318 1156 1381 tendo
1163 1316 1229 1379 dom·

142 1414 272 1497 dalphine
285 1416 397 1479 domine
414 1415 586 1498 Fucigniaci,
610 1430 639 1479 et
661 1415 728 1478 illud
743 1414 818 1497 quod
834 1414 921 1478 habet
937 1414 969 1477 in
983 1416 1136 1499 Eythona,
1150 1412 1229 1497 peda·

142 1512 228 1594 ςῐιιιιι,
243 1513 415 1589 ambieriam,
431 1528 569 1597 questam,
590 1513 784 1597 piscationem,
801 1513 1006 1591 hostimentum
1022 1514 1115 1579 castri
1129 1512 1230 1595 Bugiet

141 1611 341 1689 mandamenti,
350 1612 443 1675 ienurn
454 1625 481 1676 et
492 1612 612 1694 paleam,
623 1610 749 1695 usagium
760 1610 864 1674 dictum
874 1610 1065 1693 camponiam
1077 1632 1088 1692 ς
1101 1648 1140 1662 -
1153 1629 1228 1694 ¹53¹·

144 1715 177 1773 lt.
192 1712 308 1775 tercium
322 1725 350 1773 et
364 1710 489 1773 ultimum
503 1710 600 1792 script.
619 1721 646 1773 ut
669 1729 765 1792 supra,
792 1726 821 1772 ιιι
835 1708 881 1772 die
892 1709 1002 1772 mensis
1018 1710 1135 1788 marcii,
1148 1708 1231 1775 conti-

142 1828 212 1872 nens
226 1809 385 1890 homagium
400 1808 494 1889 ligium
510 1807 655 1890 prestitum
668 1806 782 1870 domino
800 1805 964 1888 Fucigniaci
979 1798 1035 1889 per
1055 1807 1230 1871 llumbermm

141 1902 227 1967 filium
251 1904 324 1967 dom'
354 1904 500 1967 llumberti
525 1902 631 1969 domini
658 1903 695 1967 de
709 1901 817 1967 l'iiariis
830 1902 953 1965 condam
970 1917 1000 1967 et
1013 1904 1191 1987 recognovit·
1204 1922 1231 1967 se

141 2013 237 2065 tenere
254 2022 271 2063 a
286 2001 362 2064 dicto
391 2002 505 2065 domino
535 2000 694 2083 Fucigniaci
720 2015 842 2065 castrum
855 2000 892 2063 de
905 2001 1018 2064 Balaon
1034 2016 1067 2067 et
1086 1999 1231 2066 omniaalir

142 2117 196 2179 que
211 2097 302 2161 dictus
316 2098 395 2163 dom.
423 2099 593 2165 Humbenus
616 2099 732 2165 tenebat
744 2120 762 2163 a
772 2099 852 2163 dom¹
864 2098 1000 2181 dalphina
1021 2100 1141 2165 domina
1154 2096 1230 2165 Fuci-

143 2193 233 2274 gniaci
255 2196 387 2258 condam.

187 2309 273 2374 1532.
291 2300 370 2370 Item,
385 2293 473 2376 quod.
489 2293 617 2359 instrum.
631 2294 790 2359 coniectum
809 2306 838 2357 et
861 2306 1026 2377 grossatum
1054 2314 1142 2358 manu
1156 2290 1228 2357 cleri

143 2386 179 2451 de
191 2390 285 2454 costis
298 2390 398 2454 notarii
409 2390 488 2473 pubi.
506 2391 550 2473 (ut
568 2390 669 2474 1569).

188 2505 273 2568 1533.
290 2495 369 2565 ltent,
385 2488 472 2571 quod.
500 2489 579 2570 publ.
595 2490 806 2553 instrumentum
824 2488 960 2571 scriptum
985 2509 1078 2553 manu
1104 2486 1228 2553 Bennardi

142 2583 239 2646 iuliani
252 2585 352 2648 notarii
364 2586 443 2667 publ.
455 2586 507 2648 sub
521 2605 595 2648 anno
610 2587 727 2649 Nativit.
743 2586 867 2666 ejusdem
896 2592 1126 2665 tl⁰ccc⁰x1x⁰,
1138 2583 1227 2648 indict

144 2700 187 2757 na,
203 2682 248 2744 die
261 2701 318 2744 xvu
335 2683 436 2745 mensis
449 2682 524 2758 maii,
536 2683 682 2746 continens
692 2684 767 2766 quod
781 2684 873 2764 plures
881 2683 993 2747 nobiles
1005 2683 1046 2749 de
1058 2680 1228 2749 Gebennetio

143 2777 346 2840 confitebantur
360 2799 391 2841 se
406 2799 467 2841 esse
481 2779 607 2842 homines
631 2780 713 2861 ligius
729 2780 802 2843 dom'
830 2780 969 2843 Guillelmi
987 2781 1106 2845 comitis
1128 2781 1228 2845 Geben

143 2873 237 2936 nensis
247 2889 275 2937 et
289 2889 385 2938 tenere
397 2877 433 2938 ab
448 2877 548 2938 eodem
562 2891 653 2940 castra
665 2897 715 2940 sua
735 2891 764 2939 et
785 2876 869 2941 feuda
882 2877 975 2959 plura,
991 2891 1021 2941 et
1035 2878 1116 2942 idem
1142 2896 1228 2943 comes

144 2970 308 3036 Gebennen.
322 2993 373 3064 per
387 2974 453 3037 dict.
471 2974 596 3037 homines
610 2988 701 3038 castra
717 2988 745 3037 et
754 2974 837 3037 feuda
854 2975 1087 3056 recognoscebat
1100 2990 1229 3041 setenete

144 3087 160 3130 a
174 3067 253 3129 dom⁰
267 3069 398 3152 dalphino
414 3071 564 3134 Viennensi
580 3086 608 3135 et
619 3070 732 3135 volebat
749 3070 825 3153 quod
838 3070 904 3135 dicti
920 3071 1033 3155 nobile}
1046 3092 1229 3157 recognosce·

143 3178 206 3227 rent
220 3184 250 3228 se
264 3185 326 3230 esse
340 3167 376 3231 de
390 3168 549 3230 retroieudo
567 3169 640 3231 dorn'
656 3168 794 3251 dalphini;
809 3169 954 3232 continens
969 3171 1049 3252 quod
1066 3172 1229 3237 universitas

143 3262 284 3327 hominurn
306 3266 342 3329 de
365 3267 534 3350 hneyssiaco
560 3266 670 3345 jurabat
693 3266 728 3329 ad
753 3280 848 3331 sancta
871 3267 923 3330 Dei
937 3271 1119 3352 Euvangelia
1145 3270 1228 3334 eidem

144 3361 220 3425 dom.
237 3362 369 3444 dalphino
378 3383 440 3426 esse
454 3363 550 3426 fideles
561 3364 650 3426 eidem
669 3378 697 3426 et
711 3364 839 3427 eumdem
861 3364 937 3429 dom.
953 3366 1125 3450 dalphinum
1140 3368 1229 3448 juvare

143 3474 208 3525 ante
230 3481 328 3525 omnes
341 3482 486 3545 personas,
502 3476 621 3543 excepto
638 3480 704 3544 rege
729 3462 866 3542 Francie3
892 3462 995 3525 eodem
1015 3466 1109 3528 modo
1123 3466 1229 3547 jurate·

143 3574 208 3623 runt
230 3561 356 3624 homines
384 3561 571 3625 universitatis
587 3560 740 3624 Romilliaci
762 3561 791 3623 in
806 3561 965 3638 Albanesio,
982 3574 1013 3625 et
1026 3564 1149 3629 volebat
1163 3563 1229 3626 iden

142 3675 237 3721 comes
252 3659 416 3722 Gebennen.
432 3659 507 3741 quod
523 3677 619 3721 omnes
634 3657 760 3721 homines
774 3657 921 3722 comitatus
943 3658 1148 3741 Gebennensis
1160 3662 1229 3740 jura·

144 3768 205 3817 rent
220 3755 295 3818 dicto
310 3755 386 3817 dom.
404 3755 535 3837 dalphino
546 3755 645 3818 eodem
661 3754 745 3818 modo
756 3775 812 3837 quo
827 3754 870 3818 alii
880 3754 1046 3834 juraverunt
1054 3770 1088 3821 et
1102 3758 1179 3842 quod
1187 3775 1228 3819 re-

143 3867 346 3931 cognoscerent
359 3872 389 3915 se
405 3872 466 3916 esse
481 3852 516 3916 de
533 3853 695 3916 retroieudo
709 3853 783 3916 dom¹
795 3852 929 3934 delphini,
944 3866 1032 3934 prout
1044 3854 1105 3919 hec
1117 3869 1147 3919 et
1157 3855 1228 3939 plura

144 3946 196 4012 alia
210 3948 285 4011 utilia
296 3950 374 4013 dom⁰
386 3965 482 4015 nostro
493 3952 625 4034 dalphino
637 3952 718 4034 pred.
730 3952 757 4015 in
768 3951 844 4015 dicto
857 3951 948 4014 insere
961 3951 1160 4019 continentur.

189 4066 272 4130 ¹534·
299 4057 379 4127 ltem,
395 4053 481 4133 quod.
502 4052 579 4133 publ.
594 4053 806 4116 instrumentum
832 4052 875 4135 (ut
899 4050 1000 4134 1456),
1015 4054 1227 4121 continemin-

143 4145 264 4229 magium
289 4147 383 4229 ligium
399 4150 544 4228 prestitum
567 4162 618 4231 per
632 4150 709 4215 dom.
727 4157 840 4215 Petrum
859 4148 897 4213 de
909 4148 1000 4215 vullie
1013 4151 1136 4219 militem
1156 4153 1227 4217 dom·
