2716 4784
511 409 689 472 -‚4‚-

56 536 86 584 et
99 522 323 604 recognicionem
340 521 440 582 factam
451 520 637 601 pereumdem
654 520 734 581 dome
751 520 880 601 dalphine
893 521 1057 594 thascltiam,
1076 520 1139 601 pla-

56 618 144 680 citum
155 632 183 681 et
197 618 344 681 servicium
355 618 428 699 quod
443 617 527 680 babet
543 631 571 679 et
589 617 707 698 percipit
721 617 750 678 in
767 636 863 680 manso
877 625 1018 680 Boneron.

100 717 203 795 815-a.
223 724 301 791 Item,
318 715 373 776 duo
387 714 465 796 publ.
483 714 664 776 instrumenta
675 715 702 776 in
716 715 814 776 eadem
829 717 901 797 pelle
915 736 996 777 manu
1009 713 1140 775 Amselmi

60 813 187 874 Durandi
203 812 302 874 notarii
317 812 486 892 conscripta,
502 811 553 872 sub
573 831 646 873 anno
664 812 718 873 Diri
736 818 935 889 n⁰ccc⁰vu⁰,
963 812 990 874 in
1020 811 1140 873 crastino

56 910 85 971 b¹
107 910 253 985 Bemardi,
272 909 307 970 de
326 908 426 989 quibus
456 907 574 988 primum
605 908 727 970 continet
757 909 979 990 recognicionem
1008 905 1141 969 Guiffredi

58 1006 169 1068 Gonelli
182 1007 217 1068 de
232 1005 396 1087 quibusdam
405 1004 489 1066 rebus
499 1005 638 1086 acquisitis
651 1025 702 1086 per
718 1005 845 1067 eumdem
862 1027 878 1067 a
893 1005 1006 1067 mistrali
1019 1005 1054 1065 de
1069 1010 1142 1065 Ter-

57 1104 135 1166 racia
152 1117 179 1165 et
189 1102 348 1183 homagium
368 1101 511 1181 prestitum
536 1121 586 1182 per
600 1102 728 1163 eumdem
751 1103 829 1164 dorue
844 1103 978 1184 predicte,
998 1115 1026 1163 et
1039 1119 1142 1163 secun-

58 1201 127 1262 dum
139 1220 209 1262 vero
221 1199 344 1261 continet
353 1199 428 1279 quod
444 1198 601 1260 Guillredus
617 1199 758 1279 predictus
773 1199 875 1278 juravit
888 1218 1001 1260 servare
1024 1196 1142 1260 fideliter

57 1312 162 1360 terram
177 1298 255 1359 dome
268 1296 393 1378 predicte
415 1309 442 1358 et
456 1316 517 1385 esse
527 1295 616 1357 fidelis
631 1296 783 1358 secundum
802 1295 926 1358 formam'
941 1308 1100 1358 contentam
1113 1292 1142 1356 in

59 1395 268 1457 eodeminsrrto.

102 1490 171 1553 816.
187 1498 266 1566 item,
287 1490 374 1570 quod.
391 1489 468 1569 publ.
495 1489 705 1550 instrumentum
728 1490 883 1552 conlectum
906 1509 988 1552 manu
1010 1491 1143 1554 iohannis

58 1586 161 1649 tuliani
173 1587 272 1649 notarii
297 1586 374 1666 publ.
398 1587 450 1648 sub
475 1605 548 1647 anno
568 1586 656 1647 Dirice
684 1593 791 1648 lncarn.
820 1593 1032 1664 M⁰CC⁰LXVI⁰,
1055 1588 1140 1652 indic.

60 1685 181 1760 decima,
199 1702 247 1744 xvi
262 1684 374 1745 kalend.
393 1683 520 1762 januarii,
537 1683 663 1744 contines
680 1683 756 1763 quod
774 1684 954 1765 Raymundus
970 1685 1140 1766 Berengmii,

59 1780 191 1863 dominus
216 1780 398 1860 Morgiarum‚
427 1779 591 1860 recognovit
607 1792 703 1840 tenere
728 1799 743 1840 a
772 1779 849 1840 dom⁰
865 1780 992 1860 Guigone
1012 1781 1143 1862 dalphino

60 1877 211 1939 Viennensi
226 1876 356 1958 quicquid
369 1877 491 1939 habebat
503 1890 530 1939 et
546 1876 660 1938 tenebat
674 1876 702 1937 in
722 1889 813 1938 castro
834 1875 869 1937 de
887 1883 1011 1939 Domena
1035 1891 1063 1940 et
1085 1877 1144 1958 ejus

59 1975 257 2037 mandamento
272 1995 288 2035 a
301 1987 392 2036 castro
409 1974 491 2036 Gerie
506 1993 593 2055 usque
604 1974 638 2034 ad
660 1987 779 2034 castrum
798 1973 833 2034 de
847 1981 941 2036 Petra.

102 2071 172 2148 817.
186 2061 266 2147 item,
284 2069 369 2151 quod.
389 2070 467 2150 publ.
483 2069 695 2131 instrumentum
718 2069 850 2150 scriptum
867 2090 950 2132 manu
972 2070 1068 2132 lacobi
1086 2075 1144 2132 Pa·
1223 2141 1224 2144 Ἴ

60 2167 121 2229 noti
137 2169 237 2241 notarii
252 2167 329 2248 publ.
347 2168 398 2229 sub
409 2187 482 2229 anno
499 2167 553 2228 Diri
567 2172 754 2242 M⁰CC⁰LVl⁰,
767 2166 862 2228 indict.
879 2181 952 2245 arura,
969 2167 1141 2230 vurlcalend.

61 2264 198 2340 octobris,
232 2264 378 2326 continens
406 2262 628 2344 recognicionem
663 2263 764 2324 factam
801 2264 948 2344 Rodulpbo
977 2264 1089 2327 domino
1108 2264 1144 2326 de

62 2360 279 2423 lntermontibus
291 2380 341 2442 per
358 2367 471 2423 Petrum
487 2361 522 2421 de
545 2359 713 2435 Bucurione,
728 2359 763 2420 de
774 2359 826 2421 biis
838 2379 893 2441 que
909 2360 1021 2423 tenebat
1031 2361 1066 2422 ab
1083 2361 1144 2442 ipso

61 2459 136 2538 apud
154 2459 321 2520 Alavardum
336 2471 364 2519 et
377 2457 404 2518 in
417 2457 488 2519 valle
505 2455 644 2517 Alavardi.

104 2555 175 2616 818.
195 2561 274 2630 ltem,
304 2554 390 2635 quod.
408 2553 484 2634 publ.
516 2553 726 2614 instrumentum
742 2552 874 2632 scriptum
903 2571 985 2613 manu
1018 2551 1143 2632 Hugonis

63 2652 202 2714 Guenisrii
213 2652 248 2714 de
262 2651 400 2713 Alavardo
409 2650 520 2726 notarii,
536 2650 587 2712 sub
598 2669 670 2711 anno
683 2658 792 2711 lncarn.
807 2650 861 2711 Diri
874 2655 1142 2727 M⁰CC⁰LXXXlll⁰,

62 2749 148 2811 indic.
165 2762 227 2827 run,
245 2757 287 2810 111⁰
299 2767 387 2809 nonas
399 2747 540 2822 febroarii,
564 2747 688 2810 contines
710 2746 933 2827 recognicionem
953 2748 1052 2809 factam
1067 2747 1145 2808 dom⁰

64 2845 214 2927 Rodulpho
230 2846 264 2907 de
281 2844 494 2907 lntermontibus
504 2864 554 2925 per
569 2845 703 2906 Thomam
725 2844 813 2926 Oyani
828 2844 863 2905 de
875 2844 1024 2921 Alavardo,
1043 2844 1078 2906 de
1093 2844 1145 2907 hiis

63 2963 119 3025 que
130 2943 243 3005 tenebat
253 2964 269 3004 a
280 2942 355 3005 dicto
364 2943 440 3004 dom.
455 2942 527 3003 Rod.
540 2955 568 3003 et
580 2941 661 3003 etiam
669 2960 714 3002 res
721 2940 895 3022 quetenebat
905 2960 1003 3003 versus
1018 2940 1144 3003 cochiam

64 3041 100 3103 de
112 3041 226 3116 Thesio,
236 3040 321 3102 videl.
337 3039 436 3102 facitur
444 3039 525 3101 solid.
534 3059 583 3101 vru
592 3039 689 3101 denar.
703 3039 738 3100 de
751 3039 853 3127 placito
866 3040 978 3120 quando
994 3039 1142 3120 contingit.

106 3139 175 3219 819.
200 3145 279 3215 ltem,
305 3137 391 3219 quod.
426 3136 503 3218 publ.
534 3137 746 3198 instrumentum
775 3137 906 3218 scriptum
935 3157 1017 3199 manu
1049 3136 1145 3200 iacobi

66 3236 166 3298 Panoti
174 3236 273 3298 notarii
286 3235 363 3316 publ.
378 3234 430 3296 sub
440 3254 513 3296 anno
526 3235 579 3297 Dr'ri
589 3241 773 3309 M⁰CC⁰LVl⁰,
790 3234 875 3296 indic.
892 3253 964 3310 xrnr,
977 3247 1018 3296 rx³
1030 3233 1143 3296 kalend.
1213 3286 1215 3291 Α

64 3332 199 3408 octobris,
216 3332 364 3394 continens
381 3330 604 3410 recognitionem
628 3332 728 3394 factam
743 3330 855 3392 domino
870 3330 905 3392 de
931 3328 1145 3392 lntermontibus

63 3450 115 3510 per
126 3429 301 3491 Guillelmum
317 3427 431 3489 Gilberti
441 3428 476 3488 de
490 3427 639 3501 Alavardo,
655 3427 690 3488 de
708 3426 827 3506 hiisque
854 3426 969 3489 tenebat
986 3425 1022 3487 ab
1046 3425 1144 3487 eodem

64 3527 180 3588 domino
189 3539 285 3587 nostro
301 3525 429 3605 dalphino
444 3524 484 3605 (l)
497 3524 525 3585 in
539 3525 611 3585 valle
624 3524 659 3584 de
672 3523 821 3604 Alavardo.

105 3624 175 3685 820.
194 3630 272 3696 item,
292 3621 378 3702 quod.
395 3621 606 3683 instrumentum
626 3619 703 3699 publ.
730 3619 886 3680 coniectum
903 3636 986 3679 manu
1004 3617 1144 3685 Lancelmi

64 3721 183 3801 Girausii
204 3720 314 3795 notarii,
340 3719 391 3781 sub
404 3739 476 3780 anno
492 3718 608 3780 Nativit.
633 3717 914 3791 unill0cec011110,
933 3715 1019 3778 indic.
1047 3734 1086 3793 vr,
1103 3727 1145 3778 x1⁸

64 3819 179 3881 kalend.
210 3816 377 3890 decembris,
405 3815 550 3877 continens
578 3813 801 3894 recognicionem
825 3813 926 3890 iactam
953 3832 1003 3892 per
1031 3818 1144 3875 Petrum

64 3916 174 3980 Viemin
188 3915 225 3976 de
242 3913 356 3989 Crollio‚
369 3913 414 3993 qui
430 3911 593 3992 recognovit
609 3911 707 3992 quasd.
733 3910 820 3990 petias
837 3908 989 3971 confinatas
1017 3910 1044 3971 in
1070 3910 1146 3972 dicto

64 4006 155 4075 inst'r10
171 4033 187 4074 a
202 4012 282 4073 domo
297 4009 444 4090 Rodulpbo
452 4010 487 4071 de
496 4007 710 4070 lntermontibus
721 4006 773 4069 sub
781 4026 866 4068 censu
877 4025 885 4066 1
898 4006 1007 4088 eymine
1016 4005 1145 4068 frumenti

65 4125 92 4175 et
106 4129 143 4171 xx
159 4109 257 4170 denar.
276 4108 311 4169 de
325 4106 437 4187 placito.
