2716 4784
77 4296 158 4496 s.

283 541 319 601 45
328 540 354 598 3.
372 530 454 608 item,
470 524 554 604 qued.
572 524 652 587 litcrr
670 524 744 587 dom¹
761 524 899 606 h(lberti)
915 524 1021 589 domni
1036 524 1076 589 de
1090 531 1188 589 Turre
1202 527 1320 605 serioris,

244 617 394 681 confinem
410 619 487 699 quod
504 636 588 700 super
606 619 746 683 discordia
761 620 881 685 vertenti
897 620 1004 683 dudum
1019 619 1094 683 inter
1108 621 1194 685 dom.
1212 624 1319 704 priorem

245 715 403 779 Bonevallis
417 735 451 779 ex
467 734 522 779 una
538 730 617 796 parte
633 729 661 795 et
677 718 754 779 dom.
768 718 925 799 Guigoncm
940 717 1103 799 dalphinum
1119 737 1159 783 ex
1175 720 1271 797 altera,
1288 721 1316 785 dc

247 825 340 875 castro
349 825 377 874 et
386 812 451 874 villa
466 813 558 874 Sancti
571 813 684 890 Valerii,
698 814 774 895 quod
790 813 884 877 dictus
893 822 928 877 A.
945 815 980 881 dc
995 815 1314 897 rurrequictavireiden

245 909 325 973 dom.
340 909 461 990 Guigoni
475 922 597 971 castrum
614 924 642 973 et
655 910 747 972 villam
761 911 926 991 predictam,
944 931 980 975 en
996 911 1100 992 quihus
1112 912 1193 977 idem
1203 914 1309 977 domo.

247 1004 326 1069 dedit
339 1005 430 1069 eidem
445 1005 521 1068 dom.
533 1015 567 1068 Α.
579 1009 656 1069 llllm
669 1007 751 1069 sold.
764 1021 794 1071 ct
805 1007 906 1071 deinde
920 1008 993 1071 idem
1006 1008 1083 1071 dom.
1097 1015 1135 1071 G.
1146 1009 1228 1073 dedit
1237 1010 1309 1075 eidem

242 1109 276 1165 Α.
294 1100 324 1164 in
336 1102 451 1166 feudum
460 1116 489 1165 et
502 1116 682 1183 augmentum
695 1102 770 1165 feudi
787 1117 908 1166 castrum
923 1104 959 1167 de
972 1105 1110 1186 Septimo.

282 1216 353 1278 454.
380 1206 461 1276 ltem,
490 1199 576 1281 quod.
604 1198 681 1280 publ.
705 1199 919 1263 instrumentum
949 1201 1083 1281 scriptum
1111 1220 1200 1265 mauu
1225 1201 1307 1265 llumh¹

245 1295 328 1357 Pilati
358 1309 432 1371 not,
460 1295 512 1357 sub
542 1315 616 1358 anno
647 1296 701 1357 Diri
715 1302 921 1359 M⁰CCC⁰XXX
934 1303 997 1373 vlt,
1011 1296 1111 1359 indict.
1129 1311 1196 1375 nu‘,
1218 1298 1259 1363 die
1276 1311 1305 1361 u*

240 1390 345 1453 mensis
355 1390 482 1467 ianuarii,
512 1392 657 1455 continens
671 1392 850 1456 donationem
866 1407 894 1456 et
909 1393 1122 1457 concessionem
1158 1394 1255 1459 factm
1267 1413 1306 1476 per

240 1488 305 1549 ille*n
318 1487 470 1568 principem
485 1488 560 1551 dom.
580 1489 762 1552 Humbertum
782 1489 942 1571 dalphinum
950 1490 1139 1552 Viennensem
1153 1491 1232 1553 dom⁰
1242 1489 1306 1555 Guil-

240 1583 322 1648 lelmo
338 1585 375 1648 de
398 1586 534 1662 Pictavia,
559 1587 674 1649 domino
690 1588 783 1649 sancti
799 1587 911 1663 Valerii,
923 1587 960 1649 de
974 1600 1069 1651 castro
1082 1606 1136 1651 seu
1147 1586 1306 1669 partecastri

241 1681 387 1764 Clayriaci,
401 1702 464 1746 cum
476 1685 583 1746 honore
595 1684 718 1747 etleudo
732 1684 882 1766 Clayriaci,
899 1683 934 1746 de
947 1703 1004 1765 quo
1017 1684 1128 1747 honore
1144 1685 1306 1751 eoudnontu

240 1792 270 1843 et
281 1790 347 1842 sunt
358 1779 547 1843 retrol‘eudum
574 1781 657 1843 castri
671 1781 707 1843 de
722 1781 844 1860 Marjais,
864 1779 1052 1845 retroleudum
1062 1771 1151 1843 castri
1170 1782 1208 1845 de
1229 1788 1307 1843 llonte

245 1876 373 1939 chanuto
395 1890 425 1939 et
446 1876 560 1938 feudum
601 1877 685 1940 castri
709 1878 745 1939 de
774 1876 982 1950 chantamerlo‚
1018 1895 1215 1941 cumeorum
1235 1877 1308 1959 perti·

240 1973 352 2049 nentis,
372 1987 400 2035 et
410 1973 599 2034 retroleudum
613 1974 697 2056 castri
711 1975 746 2037 de
762 1974 878 2053 Larnaje
895 1986 923 2037 et
937 1986 1060 2037 castrum
1083 1973 1119 2036 de
1143 1973 1307 2049 Mercurioln

240 2069 386 2133 reddibilia
414 2088 477 2131 cum
502 2088 598 2145 eorum
623 2071 730 2150 juribus
755 2086 784 2133 et
815 2069 988 2151 pertinentiis
1007 2089 1014 2131 :
1033 2089 1086 2151 pro
1108 2071 1212 2153 quibus
1234 2071 1309 2137 dou

240 2165 319 2229 dom.
348 2172 384 2228 G.
413 2184 465 2246 pro
488 2180 570 2229 sect
592 2167 649 2231 suis
671 2167 738 2232 lecit
764 2167 846 2248 (....)
866 2167 1009 2231 ‘confessus
1035 2165 1089 2229 luit
1108 2186 1142 2229 se
1158 2187 1222 2231 esse
1232 2166 1310 2229 honi·

242 2281 307 2331 uem
331 2261 425 2342 ligium
437 2263 474 2326 de
496 2282 615 2345 corpore
632 2263 698 2327 dicti
729 2264 807 2327 dom.
831 2263 954 2345 dalphini
976 2277 1005 2327 et
1029 2263 1169 2327 heredum
1197 2283 1307 2341 suorum,

240 2372 270 2425 et
300 2360 383 2423 etiam
405 2361 550 2425 confessus
576 2361 627 2424 luit
649 2361 775 2441 predicta
802 2360 886 2425 leuda
909 2373 937 2423 et
964 2359 1126 2431 retroleuda
1141 2381 1175 2425 se
1202 2374 1232 2424 et
1255 2378 1309 2425 suot

237 2471 334 2548 temere
348 2458 384 2519 de
400 2458 486 2521 leudo
505 2458 602 2521 lranco
626 2471 655 2519 et
678 2457 805 2521 reddibili
831 2471 860 2520 et
875 2456 928 2519 sub
950 2457 1083 2539 homagio
1098 2457 1170 2539 ligio
1182 2458 1306 2541 predicto,

239 2556 316 2637 quod
335 2557 495 2637 homagium
508 2556 603 2637 ligium
624 2555 715 2619 eidem
741 2556 819 2621 dom.
852 2555 985 2636 dalphino
1011 2555 1047 2617 de
1067 2575 1192 2636 persona
1216 2570 1244 2621 et
1266 2573 1307 2636 pro

241 2654 321 2732 dictis
348 2654 438 2715 leudis
467 2667 496 2715 et
528 2654 694 2716 retroleudis
725 2654 845 2735 prestitit
872 2667 901 2717 ct
927 2653 1054 2735 promisit
1084 2655 1218 2719 eumdem
1242 2652 1306 2734 sequ'

244 2751 281 2815 de
294 2751 398 2831 placito
411 2765 441 2815 et
453 2766 569 2832 guerra,
586 2752 672 2815 modo
683 2764 712 2814 ct
723 2751 812 2831 forma
826 2751 965 2814 contentis
974 2750 1002 2812 in
1016 2749 1107 2813 inserto
1124 2750 1226 2813 eodem
1239 2763 1259 2812 ¹.

274 2867 345 2928 455.
362 2854 443 2924 Item,
470 2847 555 2928 qued.
583 2847 662 2911 litera
679 2861 806 2921 emanata
826 2847 862 2910 ab
885 2838 1097 2928 archiepiscopo
1121 2845 1267 2913 Viennensi
1285 2856 1306 2911 et

241 2943 399 3037 ejussigillo
415 2943 543 3024 sigillata,
560 2945 707 3008 continens
720 2944 955 3025 dispensationem
977 2943 1079 3007 factam
1095 2943 1177 3007 dom⁰
1191 2942 1305 3025 dalphim
1345 2932 1349 2945 '

234 3039 390 3107 :Viennensi
404 3060 488 3123 super
497 3042 618 3123 quodam
631 3041 815 3124 jumamento)
831 3043 906 3106 lacto
920 3062 970 3122 per
982 3041 1124 3105 eumdem.

278 3139 349 3218 456.
381 3144 475 3215 item„
489 3140 575 3221 quod.
607 3139 820 3201 instrumentum
848 3139 1005 3203 confectum
1034 3159 1117 3202 manu
1146 3137 1259 3202 Ahherti
1279 3136 1304 3197 de

242 3236 378 3319 Braydas,
403 3237 456 3299 sub
483 3256 558 3309 anno
573 3236 673 3305 ‚onice
696 3244 806 3299 lncarn.
839 3243 1034 3313 M⁰CCC⁰lll⁰‚
1050 3236 1096 3299 die
1120 3251 1194 3299 xv11³
1220 3234 1304 3299 mensis

240 3335 345 3414 aprilis,
372 3335 517 3397 continens
534 3334 693 3414 homagium
718 3334 813 3414 ligium
838 3335 983 3414 prestitum
1010 3334 1091 3396 dom0
1120 3336 1303 3418 dalphinoper

241 3432 417 3494 Guillelmum
450 3431 596 3508 Rochacii,
626 3430 798 3493 Lantelmum
830 3432 932 3507 Salicii,
963 3432 1117 3495 iohannem
1143 3435 1304 3506 Olmiurnet

240 3536 431 3610 laquemetum
444 3529 565 3597 Martini.

280 3643 350 3706 457.
370 3634 450 3702 Item,
480 3626 567 3706 quod.
596 3627 673 3707 publ.
702 3627 913 3690 instrumentum
942 3627 1099 3711 conlectum
1122 3648 1209 3691 manu
1234 3627 1304 3707 Guig.

243 3723 385 3789 Frumenti
403 3722 437 3785 de
459 3741 533 3784 anno
561 3724 616 3785 Diri
637 3730 934 3801 M⁰CCC⁰XXXVlll0,
960 3724 1006 3787 die
1030 3736 1061 3784 va
1078 3726 1198 3793 ,mensis
1225 3722 1305 3798 madi,

241 3820 388 3881 continens
411 3820 570 3900 homagium
600 3821 746 3883 Humberti
772 3820 877 3883 domini
907 3821 1010 3883 Montis
1038 3823 1147 3885 Ferrati
1178 3823 1308 3906 prestitum

239 3917 318 3997 dom⁰
332 3917 486 3981 Humberto
501 3918 645 4000 dalphino‚
657 3919 734 3982 salva
745 3917 877 3981 fidelitate
890 3917 993 3979 domini
1010 3917 1203 3985 clarimontis.

280 4137 300 4173 1.
316 4119 355 4173 En
370 4138 402 4175 m.
419 4120 535 4177 Castrum
550 4121 580 4176 de
594 4120 701 4192 Larnajo
716 4129 812 4175 tenetur
826 4120 856 4176 de
870 4119 1010 4178 retroleudo
1024 4121 1091 4179 doni
1105 4124 1189 4183 nostri
1203 4122 1314 4200 dalphim'.
