2716 4784
520 400 677 472 -(‚7-

102 542 169 603 341.
192 533 271 602 Item,
293 528 381 607 quod.
409 528 527 590 vidimus
549 529 578 590 in
597 529 686 590 forma
709 530 818 610 publica
845 549 927 592 manu
948 532 1080 613 aymonis
1097 532 1133 593 de

60 628 155 683 Torna
171 622 221 683 Fol
238 622 273 683 de
290 630 385 686 Monte
401 625 514 705 Lupello
536 625 673 706 signatum
689 642 716 688 et
730 627 862 707 scriptum
885 647 967 689 manu
982 628 1085 690 Alberti
1099 627 1134 690 de

60 718 173 800 Brayda
184 719 354 781 notariorum
378 721 495 800 public,
512 721 564 785 sub
580 742 653 784 anno
669 723 756 786 Dr'rice
776 732 885 786 Incam.
913 731 1077 799 M⁰CCC⁰10,
1090 725 1134 786 die

59 827 111 874 xu³
125 815 228 876 mensis
250 817 384 891 octobris,
401 818 545 881 continens
568 820 643 901 quod
658 826 746 901 aymo
768 821 802 883 de
824 821 978 884 Bossuleilo
997 835 1017 897 ¹,
1042 822 1135 883 domi-

59 929 112 972 nus
135 911 261 974 de'Malo
277 920 363 990 Beco,
387 933 438 995 pro
459 934 489 977 se
505 922 535 976 et
549 915 698 977 heredibus
714 929 743 978 et
765 917 972 979 successoribus
984 917 1045 979 =suis
1066 936 1136 979 con-

59 1008 149 1071 fessus
175 1010 226 1072 hut
254 1024 283 1073 et
307 1011 476 1074 inveritate
505 1012 668 1092 recognovit
695 1031 725 1074 se
743 1026 872 1075 teuerea
893 1014 1041 1095 magnifico
1057 1015 1133 1077 dom.

57 1107 367 1190 ÷Humbertodalphino
380 1110 531 1173 uiennmsi
540 1110 713 1191 dominoque
730 1111 765 1173 de
780 1118 879 1188 Turre,
898 1112 1005 1174 ratione
1021 1112 1137 1176 baronie

57 1203 97 1266 de
123 1211 224 1281 Turre,
247 1207 280 1267 in
296 1207 413 1269 deudum
431 1227 488 1270 non
511 1220 604 1270 tamen
624 1207 759 1270 reddibile
787 1228 842 1284 res,
864 1223 953 1271 castra
975 1224 1004 1273 et
1023 1210 1138 1272 manda-

61 1316 156 1364 menta
168 1303 238 1365 infra
255 1304 357 1385 scripta
370 1318 397 1367 et
417 1305 616 1385 infrascriptas,
632 1306 717 1368 videl.
731 1308 851 1368 castrum
872 1307 907 1370 de
924 1306 997 1369 Malo
1016 1314 1092 1369 Beco
1108 1320 1137 1369 et

59 1413 149 1462 nomm
167 1401 400 1464 mandamentum
415 1403 502 1483 ipsius
520 1403 613 1479 castri,
629 1403 695 1466 item
709 1397 829 1466 castrum
858 1419 887 1467 et
913 1406 1136 1468 mandamentum

55 1496 97 1558 de
119 1498 161 1559 las
177 1504 327 1580 asponae,
347 1499 413 1562 item
431 1513 554 1562 castrum
577 1518 626 1562 seu
651 1501 783 1582 poypiam
804 1500 839 1563 de
857 1502 1045 1584 Moniyopart,
1071 1502 1137 1564 item

58 1608 186 1658 nastrum
201 1615 252 1658 seu
271 1597 435 1659 famulicium
453 1598 488 1660 de
517 1597 683 1678 Pusigniaco
706 1612 734 1660 et
754 1612 848 1660 totum
872 1597 984 1678 feudum
1005 1596 1079 1677 quod
1099 1595 1137 1657 illi

63 1692 99 1753 de
129 1693 297 1774 Pusigniaco
322 1708 417 1756 tonent
439 1695 467 1755 in
489 1696 601 1757 feudum
628 1716 644 1756 a
666 1694 747 1756 dicto
771 1702 911 1776 aymone;
932 1695 998 1756 item
1026 1694 1138 1755 racione

63 1788 129 1851 dicti
144 1791 325 1871 Daiphinatus
343 1791 517 1868 Viennensis,
536 1793 649 1854 domurn
662 1806 689 1853 et
700 1791 813 1852 feudum
830 1791 864 1852 de
880 1791 968 1871 Rippa
984 1789 1136 1864 Bondrieu,

62 1884 129 1946 item
144 1887 238 1948 villam
246 1887 286 1948 de
299 1889 451 1966 vermella3
475 1889 541 1950 item
554 1901 583 1950 et
595 1888 707 1949 racione
720 1887 835 1949 baronie
850 1887 885 1948 de
906 1893 1006 1962 Turre,
1021 1885 1134 1958 Vireuz,

56 1988 220 2058 thessartos,
231 1983 296 2045 item
312 2004 443 2065 magnum
456 1984 509 2045 iter
534 1983 674 2064 publicum
689 1983 782 2045 Sancti
795 1983 909 2061 Albani3
929 1984 995 2045 item
1012 1981 1138 2063 quitquid

63 2078 137 2140 idem
153 2087 243 2162 aymo
257 2081 340 2144 habet
352 2096 382 2144 et
394 2082 497 2144 habere
508 2095 600 2162 potest
609 2101 660 2162 per
672 2101 703 2145 se
717 2081 762 2143 vei
775 2100 827 2162 per
836 2081 918 2144 alium
932 2082 1002 2144 inira
1017 2070 1138 2144 castrum

64 2187 92 2236 et
103 2177 280 2255 parrochiam
295 2178 446 2258 Burgundii
461 2198 496 2240 ex
518 2197 692 2259 quacumque
706 2197 800 2254 causa,
819 2193 847 2241 et
860 2198 956 2241 omnes
972 2193 1061 2242 terras
1076 2180 1139 2242 cul-

63 2285 106 2334 tas
120 2286 149 2335 et
162 2272 291 2349 incultas,
310 2288 399 2354 prata,
414 2294 554 2348 nemora,
573 2275 741 2352 molendina,
760 2289 869 2355 stagna,
886 2276 1031 2356 ripperiaS,
1050 2277 1140 2356 pisca-

57 2368 130 2442 rias,
144 2368 221 2448 iura,
234 2388 345 2446 consus,
368 2371 494 2446 servicia,
512 2371 594 2433 feuda
609 2385 637 2433 et
648 2372 776 2452 homagia
797 2391 851 2452 que
869 2371 937 2434 dict.
953 2380 1079 2454 aymo...
1095 2373 1140 2434 vel

57 2464 190 2527 aliusra'b
211 2485 253 2528 eo
266 2465 344 2528 ''irrfra
370 2480 461 2530 castra
488 2481 517 2530 et
542 2468 737 2529 mandamento
753 2467 887 2548 predicta,
912 2481 941 2529 et
966 2467 1032 2529 inde
1045 2467 1141 2529 habuit

62 2563 184 2625 occias²
205 2577 316 2625 centum
338 2564 422 2626 libras
436 2566 571 2627 hiennen.
589 2579 616 2628 et
632 2585 684 2645 pro
700 2565 832 2645 predictis
845 2565 963 2644 prestitit
982 2565 1140 2645 homagium

65 2659 162 2742 ligium
176 2659 251 2722 dicto
265 2661 502 2741 damrdatphino,
519 2675 603 2743 prout
615 2663 667 2724 hec
681 2675 709 2724 et
723 2661 841 2742 quedam
858 2661 911 2723 alia
924 2662 1100 2724 continentur
1113 2661 1140 2722 in

57 2757 142 2819 dicto
151 2757 347 2820 instrumento.

106 2873 176 2932 342.
191 2858 273 2930 item,
289 2853 375 2935 quod.
394 2855 430 2915 al.
448 2855 660 2916 instrumentum
686 2854 817 2934 scriptum
840 2872 922 2915 manu
954 2855 1036 2936 Guig.
1069 2860 1142 2915 Fru-

58 2951 152 3013 -arenti
180 2963 240 3012 not.
255 2950 345 3032 ’pub..,
366 2949 419 3012 sub
439 2971 514 3012 anno
533 2950 587 3012 uni
603 2956 885 3024 M0ccc⁰xxx1111⁰,
914 2950 998 3012 indic.
1031 2964 1075 3026 11²,
1096 2949 1141 3011 die

60 3046 569 3124 autumensis÷iobroarii,.continens
585 3047 743 3127 homagium
772 3047 916 3126 prestitum
939 3067 990 3127 per
1011 3047 1141 3109 Guiotum

60 3145 170 3226 herlay
182 3144 356 3207 domicellum
371 3143 483 3205 racione
493 3143 576 3205 castri
590 3143 692 3205 Montis
703 3143 828 3224 Luppeili
842 3157 939 3205 contra
952 3162 1049 3205 omnes
1075 3142 1142 3204 alias

65 3258 215 3319 personas,
231 3254 348 3321 excepta
373 3255 467 3302 tamer
493 3239 625 3302 fidelitate
650 3241 678 3301 in
706 3253 886 3320 quateretur
908 3240 998 3302 dictus
1026 3239 1142 3301 Guiotus

66 3336 183 3398 domino
193 3337 427 3418 -Miribelli,·.quod
452 3337 609 3418 homagium
630 3337 749 3417 prestitit
756 3337 873 3398 domino
887 3349 984 3399 nostro
998 3334 1141 3415 delphino,

65 3445 94 3494 et
107 3433 258 3495 terminum
269 3434 469 3516 assignacionis
475 3433 518 3496 ad
523 3432 785 3516 recognoscendum
792 3447 904 3496 certum
917 3446 1027 3512 tempus
1040 3431 1087 3493 diu
1102 3443 1144 3494 est

66 3528 187 3610 lapsum.
225 3575 238 3606 .,

112 3645 180 3705 343.
199 3634 278 3704 Item,
291 3629 381 3709 qued.
391 3629 492 3691 lietera
503 3629 649 3691 continens
659 3627 778 3707 aliquam
792 3626 973 3689 concordiam
986 3625 1022 3686 ad
1038 3637 1144 3687 tracta-

66 3737 127 3786 tum
141 3725 294 3786 amicorum
310 3726 412 3788 iactam
436 3726 508 3789 inter
521 3725 665 3805 religiosos
679 3723 754 3784 viros
769 3722 845 3784 dom.
864 3721 1037 3783 Guillelmum
1055 3723 1146 3785 abba-

67 3831 124 3880 tem
136 3834 166 3882 et
180 3835 348 3884 conventum
358 3821 516 3884 monasterii
532 3821 602 3882 Boni
612 3819 706 3893 Vallis,
721 3818 885 3880 Viennensis
899 3817 1028 3893 diocesis,
1040 3819 1146 3881 ordinis

67 3917 263 3981 cistarciensis
286 3931 309 3994 ³,
338 3937 373 3980 ex
395 3937 449 3980 una
478 3931 556 3998 parte
586 3929 614 3978 et
641 3914 810 3977 habitatores
837 3914 983 3995 parrochie
1010 3915 1046 3977 de
1076 3915 1145 3977 Viha

108 4138 130 4174 r.
148 4119 184 4172 Aa
198 4118 349 4174 Bassoseho.
366 4149 400 4159 -
418 4134 442 4173 2.
458 4123 492 4173 Aa
510 4117 598 4175 oecies.
615 4148 649 4160 -
666 4134 690 4189 3.
706 4119 728 4171 A
742 4116 814 4172 Sis...
