2716 4784
693 381 851 442 ...62-

230 512 334 575 domini
347 512 383 574 de
400 512 516 587 Baucio,
532 512 606 574 nulla
622 512 724 573 carnali
739 510 839 591 copula
854 509 1005 590 subsequta
1020 530 1029 587 3
1047 509 1189 590 attingens
1206 526 1304 572 annum

230 627 267 670 xv
283 609 421 672 relaxatus
435 609 470 670 ab
498 609 559 690 ipso
580 627 703 684 carcere,
722 620 891 689 protestatus
903 607 954 668 fuit
968 606 1043 687 quod
1058 605 1110 668 sibi
1127 605 1236 669 dictum
1249 627 1304 667 ma-

229 706 388 769 trimonium
417 705 581 787 displicebat
602 719 630 768 et
650 719 717 768 tunc
744 703 882 767 contraxit
911 703 1114 765 matrimonium
1141 722 1205 765 curn
1234 702 1304 765 dom¹

232 803 387 885 B(eatrice)
401 803 437 866 de
455 802 604 878 sabaudia,
623 801 677 864 lilia
692 801 800 864 comitis
816 800 903 876 Petri,
918 814 946 863 et
962 799 1067 881 prolem
1082 799 1120 861 ab
1137 818 1172 861 ea
1188 799 1304 879 suscepit

232 913 260 962 et
273 900 347 963 dicta
363 899 454 962 Sicilia
470 898 608 962 contraxit
621 905 778 982 hymoneto
792 898 893 961 comite
909 896 1047 960 sabaudie
1063 908 1092 959 et
1103 895 1141 958 ab
1157 916 1191 959 ea
1206 897 1304 978 prolem

231 995 367 1077 suscepit;
406 995 521 1077 ipseque
553 995 630 1058 dom.
656 995 746 1077 Guigo
769 1008 952 1076 compunctus
974 992 1151 1056 consciencia
1174 1013 1304 1055 summum

232 1092 391 1174 pontificem
406 1112 491 1179 super
507 1093 561 1155 hoc
571 1092 726 1156 consuluit:
743 1093 790 1174 qui
802 1112 853 1174 per
865 1112 929 1155 suas
946 1091 1050 1154 litteras
1062 1089 1209 1153 mandavit
1219 1089 1305 1153 abbati

234 1191 328 1254 Sancti
356 1190 516 1265 Theolredi,
540 1189 707 1253 hnisciensis
732 1189 861 1265 diocesis,
889 1189 964 1270 quod
989 1189 1140 1268 superhoc
1162 1184 1305 1269 inquireret

231 1287 376 1350 veritatem
390 1300 430 1362 et,
447 1287 470 1348 si
484 1286 523 1348 ita
537 1301 622 1362 esset,
638 1287 714 1368 quod
728 1286 795 1349 dict.
812 1285 1015 1349 matrimonium
1025 1304 1088 1348 cum
1099 1283 1177 1347 dicta
1186 1284 1302 1347 dom³B

231 1397 404 1447 contractum
418 1383 570 1464 legitimum
588 1383 773 1463 pronunciare
789 1396 910 1445 curaret.

277 1480 343 1559 318.
375 1487 455 1558 Item,
483 1480 570 1561 quod
598 1480 810 1541 instrumentum
836 1479 938 1541 lactum
963 1497 1046 1540 manu
1075 1476 1154 1538 Petri
1180 1443 1304 1539 Ilichonis

232 1572 344 1654 not’arii,
355 1578 407 1639 sub
417 1597 490 1639 anno
505 1578 558 1639 Dr'ti
573 1584 749 1652 M⁰III⁰IIII⁰,
761 1576 841 1639 indit.
856 1589 899 1653 11⁸,
912 1575 975 1638 dre
968 1593 1038 1653 qovts
1048 1587 1113 1636 ante
1124 1574 1228 1635 festum
1239 1571 1304 1634 beau

233 1682 309 1737 Luce
332 1675 532 1755 euvangeliste,
558 1673 703 1738 continens
717 1673 898 1737 limitaciones
911 1672 1038 1754 antiquas
1060 1670 1130 1733 Belli
1148 1670 1242 1734 Fortis
1256 1668 1301 1733 sibi

231 1771 401 1853 pertinentes
413 1771 520 1834 ratione
534 1771 633 1833 domus
649 1771 685 1832 de
698 1777 837 1833 Marnant.
1348 1840 1349 1844 η

249 1904 252 1911 ·
275 1885 341 1948 319.
360 1874 439 1945 Item,
458 1867 543 1949 qued.
568 1867 658 1929 littera
682 1866 799 1947 sigillata
822 1867 851 1928 in
874 1865 1008 1947 pendenti
1031 1884 1087 1927 uno
1099 1863 1192 1944 sigillo
1216 1879 1301 1935 cereo,

231 1963 304 2026 lacta
318 1964 371 2025 sub
383 1983 457 2025 anno
474 1963 528 2025 Dr'ti
546 1969 774 2041 m⁰cc⁰xc⁰111⁰,
798 1963 943 2026 continens
961 1963 989 2024 in
1005 1962 1104 2024 effectu
1122 1960 1211 2042 quod.
1233 1960 1300 2020 dom.

233 2059 325 2139 Guigo
342 2059 447 2139 Pagani
462 2059 551 2136 miles,
569 2059 696 2122 dominus
719 2060 755 2121 de
779 2068 927 2141 Argentas,
954 2059 1031 2122 dedit
1048 2072 1077 2121 et
1093 2057 1219 2119 reddibit
1232 2056 1303 2118 dom⁰

234 2153 389 2216 Ilumberto
403 2154 534 2236 dalphino
549 2169 669 2218 castrum
684 2156 720 2218 de
733 2164 870 2237 Argentas
883 2170 911 2219 et
927 2156 1002 2218 dela
1017 2155 1094 2232 Feia,
1110 2169 1141 2217 et
1154 2153 1303 2217 confiteba-

232 2261 278 2311 tur
290 2269 321 2312 se
332 2269 394 2313 esse
407 2251 554 2314 vassallum
568 2266 596 2314 et
608 2251 717 2315 fidelem
732 2253 797 2315 dicti
811 2254 888 2316 dom.
905 2253 1027 2335 dalphini
1041 2266 1061 2314 ¹.

276 2363 341 2424 320.
362 2354 441 2425 Item,
456 2348 541 2428 qued.
557 2348 652 2411 lietera
666 2350 768 2430 scripta
778 2370 851 2412 anno
864 2350 917 2412 Dr'vi
928 2355 1140 2426 M⁰II⁰IIIIIIV⁰,
1152 2363 1184 2410 v0
1196 2347 1301 2411 kalend.

234 2442 308 2518 maii,
324 2444 470 2507 continens
491 2446 567 2526 quod
588 2446 718 2526 priorissa
739 2447 897 2510 monasterii
919 2445 1011 2508 Sancti
1034 2445 1114 2525 Pauli
1136 2445 1300 2519 monialium,

232 2554 349 2621 urgente
364 2542 529 2605 necessitate
544 2542 580 2604 de
593 2562 731 2606 consensu
745 2543 835 2607 tocius
848 2557 1012 2619 conventus,
1024 2541 1152 2605 vendidit
1162 2555 1190 2604 et
1199 2539 1302 2604 tradidit

232 2637 312 2701 dome
329 2639 478 2721 B(eatrici)
491 2639 598 2703 vienne
615 2654 643 2702 et
656 2640 769 2702 Albonis
781 2641 931 2717 comitisse,
950 2639 1043 2722 precio
1060 2658 1097 2701 xv
1109 2639 1211 2721 librar,
1225 2639 1303 2702 Vien-

232 2752 311 2811 nen,
327 2748 414 2797 totam
429 2748 531 2797 terram
546 2756 628 2818 quam
646 2736 767 2798 habebat
780 2738 854 2817 apud
870 2736 1076 2799 cumillionem.

276 2847 341 2908 321.
359 2838 437 2908 Item,
453 2833 539 2913 quod.
556 2833 767 2897 instrumentum
779 2834 821 2915 (ut
833 2853 846 2911 3
856 2853 863 2896 t
874 2836 915 2917 3),
927 2833 972 2896 die
983 2848 1034 2895 xrr³
1043 2832 1150 2914 aprilis,
1164 2833 1302 2895 continens

232 2925 307 3007 quod
322 2926 398 2988 dom.
413 2927 548 2989 Girardus
559 2928 594 2990 de
611 2929 715 2991 Ternel
727 2930 890 3011 recognovit
903 2951 933 2992 se
942 2944 1037 2993 tenere
1052 2950 1068 2992 a
1085 2930 1165 2991 dom⁰
1178 2928 1302 3010 dalphino

232 3034 353 3084 castrum
367 3022 403 3085 de
416 3024 608 3087 Iunccheres²
630 3039 658 3088 et
670 3011 790 3096 castrum
808 3027 987 3109 Belliregardi
999 3046 1061 3090 cum
1076 3046 1173 3093 eorum
1192 3026 1302 3088 manda-

233 3121 343 3199 mentis,
354 3135 382 3185 et
394 3122 460 3186 lecit
474 3122 633 3204 homagium
643 3137 757 3205 propter
771 3144 804 3187 ea
814 3125 888 3188 dicto
902 3126 1025 3202 domino,
1044 3138 1165 3204 excepto
1179 3123 1303 3205 homagio

233 3218 307 3282 dom¹
321 3219 428 3283 comitis
442 3221 643 3297 Gebennensis,
658 3221 763 3284 dommi
779 3222 937 3302 Fucigniaci
951 3236 980 3285 et
993 3219 1097 3282 domini
1107 3219 1143 3281 de
1156 3227 1216 3281 Ias.

276 3334 341 3396 32²·
360 3325 439 3394 Item,
452 3318 538 3399 quod.
555 3319 675 3380 vidimus
691 3319 766 3381 curie
781 3318 905 3382 officialis
917 3318 1023 3381 vienne
1037 3335 1121 3378 manu
1135 3315 1213 3378 Petri
1242 3322 1303 3378 Bur·

233 3414 328 3493 gavelli
349 3415 384 3476 de
407 3414 513 3476 Vienna
531 3416 630 3477 notarii
647 3415 724 3497 publ.
752 3414 896 3496 scriptum,
920 3415 1064 3477 continens
1075 3427 1205 3477 tenorem
1218 3413 1306 3493 cujus-

233 3508 297 3571 dam
311 3509 413 3589 publici
429 3510 604 3574 instrumenti
619 3511 713 3592 scripti
739 3530 821 3573 manu
841 3512 973 3574 Iohannis
994 3511 1030 3573 de
1055 3517 1158 3573 Sancto
1175 3509 1305 3592 Dyonisio

233 3605 393 3668 habitatoris
408 3606 553 3670 Bellivisus
570 3607 598 3669 in
618 3607 751 3691 Royanis,
772 3608 824 3670 sub
840 3603 913 3670 anno
930 3614 1037 3669 Incam.
1054 3606 1143 3668 Dr'tice
1161 3608 1304 3680 II⁰III⁰II⁰,

233 3703 278 3764 die
290 3717 349 3765 mna
362 3704 464 3768 mensis
488 3704 654 3786 septenbris,
685 3704 831 3766 continens
857 3704 932 3786 quod
963 3704 1039 3765 dom.
1058 3702 1162 3784 Guigo,
1182 3702 1308 3767 dominus

235 3800 379 3864 Bellivisus
393 3803 428 3866 de
450 3811 557 3878 Marco,
584 3802 749 3884 recognovit
764 3802 800 3864 ill
817 3802 934 3884 principi
954 3802 1031 3863 dom.
1046 3800 1165 3862 Iohanni
1178 3800 1308 3882 dalphino

275 4046 298 4083 1.
312 4030 350 4083 En
364 4047 397 4086 m.
412 4032 447 4084 Aa
460 4030 576 4086 Castrum
591 4031 684 4086 Montis
698 4029 769 4087 Calvi
784 4040 881 4087 tenetur
903 4030 927 4085 in
948 4029 1091 4086 retroleudo
1105 4046 1120 4084 a
1135 4031 1208 4087 dom·
1229 4040 1312 4087 nostro

235 4098 352 4172 dalphino
366 4101 397 4155 ad
412 4117 511 4156 causam
526 4099 595 4156 istius
610 4099 685 4156 castri
699 4102 730 4156 de
744 4103 898 4174 Argentauv.
910 4132 944 4143 -
955 4117 979 4155 2.
996 4101 1035 4154 En
1049 4118 1082 4156 m.
1098 4101 1120 4154 A
1135 4102 1279 4159 luncherie.
1317 4130 1321 4137 ·
