2722 4770
198 529 344 591 mobilibus
358 544 385 589 et
398 528 523 589 inmobil.
542 526 665 607 paternis
674 538 701 585 et
716 524 858 595 maternis,
869 534 953 603 prout
964 521 996 583 in
1008 520 1097 585 dicto
1106 522 1277 585 insontum

198 628 305 709 plenius
319 626 488 687 continetur.

235 726 284 803 96.
305 730 384 791 item.
401 722 487 801 quod.
503 718 643 801 pubiicum
653 718 864 779 instrumentum
874 716 1012 795 scriptum
1026 732 1122 777 manu
1141 712 1275 777 Petticlo

196 821 345 902 clteyronis
366 818 466 880 notarii
488 816 647 897 quondum,
667 815 719 875 sub
741 833 815 876 anno
841 814 893 875 Dni
919 817 1115 885 M⁰CCC⁰V⁰,
1147 810 1300 877 donisel.

197 916 272 999 quod
286 917 414 977 domat.
435 914 471 975 de
484 913 582 987 lncisa,
599 910 687 973 abbas
699 910 857 973 monasterii
872 916 944 971 case
961 914 1061 981 Nove,
1078 906 1275 971 corriessttsia't

196 1034 228 1077 se
243 1014 371 1076 babuisse
388 1028 416 1075 et
435 1011 585 1092 recepisse,
596 1008 708 1071 nomine
729 1008 802 1069 dom¹
822 1006 947 1069 Mailredi
965 1006 1155 1088 marquionis
1167 1004 1275 1069 saluos

198 1130 270 1183 rum,
291 1132 307 1170 a
324 1110 401 1171 dom⁴
418 1108 585 1187 Bsseatricej,
599 1104 654 1165 filia
670 1105 743 1166 dom·
763 1104 837 1166 l’etri
853 1103 963 1165 comitis
977 1102 1124 1179 condam,
1141 1108 1275 1185 cquatta·

159 1254 168 1273 .
197 1206 273 1287 ginta
288 1224 334 1266 tut
358 1206 442 1266 libras
458 1218 486 1265 et
504 1222 542 1265 mr
565 1202 668 1263 solidos
685 1202 821 1263 bonorum
841 1199 1021 1261 denariorum
1040 1199 1220 1273 metentium,
1236 1214 1275 1277 pru

197 1303 264 1365 dote
280 1304 357 1363 dom‘
372 1302 522 1381 Margarite
534 1302 627 1363 uxoris
642 1300 777 1361 Fredelici
790 1298 837 1359 filii
853 1298 920 1360 dicti
934 1298 1014 1359 dom.
1031 1296 1228 1379 marquionis.

238 1417 288 1477 97.
318 1405 397 1471 item,
425 1398 510 1478 quod.
534 1398 607 1459 aliud
632 1397 771 1477 publicum
800 1396 1012 1457 instrumentum
1036 1393 1183 1476 scriptum
1208 1407 1275 1454 mant

198 1495 334 1577 Guigonis
365 1494 500 1556 Pellicerii
529 1494 628 1556 notarii
653 1494 744 1574 publ,
768 1494 820 1554 sub
844 1511 917 1554 anno
947 1490 1000 1553 Dii
1024 1496 1163 1553 mccc·
1183 1487 1274 1571 (llll),

198 1594 283 1655 indic.
306 1594 425 1668 decima,
446 1594 592 1655 continens
616 1593 802 1674 quimcionem
830 1592 908 1653 dom‘
931 1589 1101 1666 llatlterine,
1133 1589 1193 1653 filie
1215 1586 1275 1649 don*

85 1716 89 1723 ·
200 1690 345 1752 llumberti
366 1690 487 1771 dalphini
514 1691 664 1771 uxorisque
694 1690 766 1751 dom¹
789 1688 907 1768 Philippi
930 1687 966 1748 de
985 1686 1136 1749 sabaudia
1156 1682 1276 1769 prt'ndpit

198 1795 324 1871 Aquaye,
352 1788 436 1850 videl.
464 1788 500 1849 de
521 1788 650 1849 omnibus
669 1786 750 1848 bonis
766 1786 888 1866 paternis
913 1799 941 1846 et
963 1783 1116 1859 maternis,
1141 1782 1276 1845 continent

198 1885 280 1947 etiam
297 1886 481 1948 donacionem
496 1885 597 1947 iactam
612 1884 691 1946 dom⁰
706 1883 822 1944 iohanni
835 1882 967 1962 dalphino
986 1881 1022 1941 de
1043 1880 1190 1961 predictis
1209 1878 1275 1943 bonit

90 2036 97 2045 ,
199 2004 249 2063 per
267 1984 368 2045 dictam
384 1984 460 2045 dom.
477 1982 668 2055 Katherinam,
686 1994 713 2041 et
729 1994 772 2042 est
783 1979 907 2040 similiter
920 1976 1068 2057 registrata
1083 1995 1179 2058 quare
1192 1990 1246 2039 etc.

240 2082 289 2159 98.
307 2087 386 2155 ltem,
405 2079 512 2162 quodd.
527 2080 646 2140 vidimus
663 2092 820 2139 emanatum
836 2077 872 2137 ab
888 2074 998 2137 oit'tciali
1013 2072 1205 2137 Gebennensi
1217 2073 1275 2151 eju*

118 2175 122 2184 '
200 2197 254 2258 que
275 2177 368 2257 sigillo
391 2176 564 2256 impendenti
586 2177 745 2257 sigillatum,
772 2176 917 2237 continens
932 2172 1039 2253 quodd.
1067 2172 1275 2235 instrumentum

199 2274 331 2354 scriptum
347 2294 429 2336 manu
449 2276 578 2337 Peroneti
593 2276 629 2336 de
647 2282 742 2335 Monte
758 2273 793 2333 de
813 2280 921 2353 sornay
938 2270 1049 2344 notarii,
1064 2270 1123 2332 sub
1140 2290 1220 2333 anno
1234 2266 1275 2331 ott·

202 2377 415 2446 tt⁰ccc⁰vttt⁰‚
448 2373 532 2434 indic.
557 2386 619 2446 tw,
644 2372 671 2432 in
692 2390 747 2451 quo
770 2371 953 2432 instrumento
976 2367 1143 2437 continetur
1165 2365 1275 2450 quitacit

199 2469 273 2532 iacta
290 2470 367 2530 dome
384 2468 532 2550 B(eatrici)
549 2468 678 2549 dalphine
699 2483 726 2529 et
743 2467 820 2528 dom⁰
838 2464 947 2547 Hugoni
967 2462 1110 2543 Dalpltino
1123 2484 1179 2545 per
1196 2460 1276 2527 Matti-

199 2565 306 2627 iredum
323 2566 512 2645 marquionem
525 2564 694 2626 saluciarum
705 2576 733 2624 et
745 2562 921 2642 Margaritam
935 2559 1070 2641 Dalpltine
1081 2560 1147 2640 ejus
1156 2579 1274 2633 uxorem,

200 2663 236 2724 de
251 2669 322 2724 llllm
334 2663 464 2725 librarum
481 2662 683 2725 Astasencium.

241 2777 290 2838 99.
313 2766 393 2833 ltem,
420 2759 508 2839 quod.
535 2758 608 2820 aliud
638 2760 849 2820 instrumentum
875 2754 1016 2837 publicum
1039 2755 1182 2837 scriptum
1205 2774 1277 2821 mam

201 2855 334 2916 iohannis
358 2854 480 2916 Bovardi
501 2855 600 2916 notarii
617 2855 709 2936 publ,
729 2853 781 2917 sub
804 2873 877 2916 anno
898 2853 952 2915 Dlli
973 2856 1185 2933 nucem-11⁰,
1200 2855 1276 2919 indic

200 2966 243 3026 κ’,
258 2953 303 3013 die
321 2971 371 3012 vua
388 2951 491 3013 mensis
508 2952 602 3027 madii,
620 2954 765 3015 continens
788 2951 988 3031 quintationem
1004 2949 1108 3011 factam
1130 2971 1188 3033 per
1209 2953 1277 3017 dom.

202 3049 358 3129 Philippum
377 3048 413 3109 tle
430 3047 578 3125 sabaudia,
595 3050 747 3130 principem
765 3049 887 3129 Achaye,
908 3047 985 3108 dom⁰
1007 3044 1128 3108 lohanni
1150 3048 1279 3131 dalpltiutt

202 3146 238 3208 de
253 3148 328 3205 xxm
342 3144 471 3207 librarum
489 3145 624 3207 bonorum
641 3147 776 3209 viennen.
798 3145 985 3225 antiquorum,
1000 3160 1052 3223 pro
1069 3142 1152 3219 dote,
1173 3144 1279 3209 nomine

201 3257 229 3305 et
244 3263 278 3304 ex
295 3261 379 3304 causa
394 3243 467 3305 dotis
482 3243 561 3304 dome
576 3243 726 3306 katherine
750 3243 785 3304 de
808 3241 968 3316 viennesio,
990 3239 1095 3302 sororis
1115 3241 1188 3305 dicti
1208 3244 1277 3306 dou.

200 3341 321 3422 dalphini
337 3340 529 3421 consortisque
539 3341 612 3402 dom¹
627 3340 759 3422 principis
773 3339 928 3401 memorati.
1060 3342 1071 3353 “

246 3458 310 3500 ιοο.
343 3445 422 3512 ltem,
448 3437 535 3518 quod.
557 3430 676 3499 vidimus
699 3437 831 3517 scriptum
864 3453 946 3497 manu
973 3433 1138 3513 berengarii
1173 3435 1280 3518 Rogeni

200 3536 299 3599 notarii
316 3536 393 3616 publ.
420 3549 447 3598 et
478 3535 664 3615 subscriptum
687 3553 769 3596 manu
795 3532 906 3595 imberti
923 3529 1058 3614 nysselini
1081 3533 1191 3595 notarii
1205 3533 1278 3616 rep'i,
1348 3574 1352 3583 -

200 3633 253 3697 sub
269 3652 342 3694 anno
361 3633 415 3694 uni
438 3638 676 3706 M⁰CCC⁰XLlll⁰,
698 3633 743 3694 die
763 3632 913 3712 penultima
930 3629 1033 3710 aprilis,
1047 3629 1203 3695 continens
1226 3652 1281 3695 ma·

199 3730 358 3795 trimonium
375 3744 402 3791 et
418 3743 591 3792 contractum
602 3731 769 3792 matrimonii
782 3729 951 3792 celebratum
966 3727 1039 3788 inter
1052 3739 1188 3807 potentes
1212 3732 1280 3795 uiros

200 3831 277 3891 dom.
302 3826 484 3888 Humbertum
507 3828 666 3910 dalphinum
687 3829 882 3903 Viennensem,
912 3825 1023 3887 nomine
1052 3825 1133 3886 dom·
1160 3828 1280 3893 Beatriri

199 3923 255 3986 iilic
275 3943 335 3997 sue,
355 3943 390 3985 ex
407 3943 460 3985 una
480 3938 569 4005 parte,
586 3938 614 3986 et
632 3926 708 3987 dom.
732 3926 884 3987 iohannem
907 3924 942 3984 de
961 3920 1119 3984 Scabilione
1137 3924 1281 3991 dominum

182 4021 235 4082 *de
250 4020 359 4095 Arlaco,
376 4020 486 4082 nomine
501 4021 574 4082 dom¹
588 4024 713 4102 Hugonis
726 4021 773 4084 filii
786 4021 840 4096 sui,
859 4041 893 4083 ex
906 4022 1004 4092 altera,
1019 4032 1046 4080 et
1059 4031 1102 4080 est
1119 4038 1280 4090 emanatum

167 4167 171 4172 .
199 4119 302 4181 dictum
316 4115 434 4178 vidimus
449 4137 464 4178 a
478 4117 554 4179 curia
567 4119 737 4181 cenescalcie
755 4119 912 4181 Bellicadri.
1225 4126 1232 4137 “
