2716 4784
507 420 683 479 ..30,-

104 528 187 610 1696.
204 535 283 607 item,
300 531 386 612 quod.
404 533 522 595 rotulum
536 533 743 614 pargamineum
765 530 792 591 in
806 549 862 612 quo
874 531 1048 592 continentur
1060 531 1129 612 peti-

56 625 154 688 ciones
169 646 238 707 quas
253 628 372 692 faciebat
389 629 464 693 dom.
486 628 630 711 dalphinus
648 649 699 710 pro
725 647 755 690 se
780 641 807 690 et
828 627 905 689 doma
921 627 1046 690 Beatrice
1067 627 1133 712 (¹³¹7

55 723 142 802 phina
152 737 250 786 contra
263 726 391 788 comitem
408 726 554 788 sabaudie.
1209 811 1212 816 ¹

104 821 187 902 1697.
201 828 279 898 ltem,
296 823 380 905 qued.
397 823 492 885 lietera
501 822 713 904 composicionis
726 823 798 886 facte
805 842 856 904 per
868 823 944 886 dom.
956 822 1127 905 odbertum)
1173 892 1176 899 ¹

55 915 199 977 dominum
210 916 245 980 de
259 925 347 981 Turre
355 919 463 983 etdom.
479 919 652 982 Guiilelmum
664 919 805 982 dominum
819 921 854 983 de
867 920 944 983 Bello
959 921 1035 997 Visu,
1046 939 1130 1002 super

55 1012 156 1074 castris
165 1013 200 1076 de
214 1014 291 1076 Bello
299 1016 376 1092 visu,
386 1016 421 1079 de
438 1017 547 1093 Pineto,
558 1017 593 1079 de
607 1024 707 1079 Sancto
719 1018 843 1080 rohanne
858 1018 934 1080 etde
956 1017 1127 1100 Ambomay,

55 1108 174 1189 sigillata
189 1124 294 1191 septem
305 1111 399 1193 sigillis
412 1114 440 1175 in
453 1113 598 1194 pendenti:
612 1114 752 1177 remansit.
816 1129 818 1134 ’

103 1209 185 1289 1698.
205 1215 283 1286 Item,
304 1210 387 1292 qued.
404 1211 498 1274 lietera
517 1211 661 1274 continens
681 1212 797 1274 formam
811 1212 987 1295 quittacionis
1002 1212 1128 1276 faciende

54 1322 109 1383 per
124 1304 200 1367 dom.
220 1306 333 1370 Mariam
353 1309 388 1371 de
403 1309 563 1386 Brebantio,
587 1308 754 1372 comitissam
779 1309 927 1387 sabaudie,
948 1309 1025 1372 dom⁰
1044 1318 1128 1374 Hum-

55 1397 138 1460 berto
155 1400 283 1483 dalphino
297 1404 462 1468 Viennensi:
480 1426 533 1487 que
548 1404 630 1468 etiam
639 1405 690 1469 fuit
703 1406 793 1488 posita
806 1407 834 1468 in
845 1407 918 1470 dicta
927 1408 1045 1490 cayssia.

28 1565 32 1570 ,
100 1501 134 1557 Et
154 1498 276 1578 predicta
297 1502 398 1564 tradita
418 1502 529 1565 fuerunt
551 1502 640 1587 eidem
664 1502 693 1564 d.
720 1501 842 1564 Dionisio
858 1523 909 1584 per
930 1503 1032 1566 dictum
1052 1504 1126 1567 dom.

55 1581 228 1674 episcopum,
247 1598 421 1677 presentibus
433 1598 495 1661 diris
514 1597 688 1680 G(uilleimo)
713 1597 748 1660 de
772 1605 881 1675 Mauso,
895 1598 987 1680 legum
1000 1600 1127 1680 doctore,

57 1691 223 1772 Raymundo
251 1695 380 1757 Faiavelii
407 1695 574 1777 jurisperito,
600 1697 725 1757 Johanne
750 1695 863 1771 Mathei,
890 1696 1041 1759 Francisco
1057 1704 1128 1759 Ber-

55 1788 153 1849 mundi
175 1790 282 1853 notario
304 1804 332 1854 et
356 1811 401 1854 me
430 1793 568 1875 Stephano
583 1791 703 1869 Girardi,
724 1790 751 1853 in
772 1790 894 1854 sacristia
905 1793 1021 1856 ecclesie
1036 1795 1129 1858 Sancti

54 1885 167 1949 Andree
178 1888 387 1970 Gracionopolis
396 1889 443 1952 ubi
457 1882 586 1954 tenentur
597 1890 699 1972 scripta
711 1888 887 1970 dalphinaIia.
944 1924 947 1930 ·

394 2038 788 2086 ψ-

99 2184 274 2240 Mcuonmun
293 2180 328 2242 sit
350 2180 424 2261 quod
443 2199 516 2242 anno
541 2178 697 2242 Natiuitatis
710 2179 819 2242 Domini
830 2179 914 2242 mill'o
931 2186 1126 2260 CCC⁰XLV1⁰,
1240 2269 1244 2276 Ι

43 2273 103 2336 ¹die
116 2289 216 2336 xuvura
229 2275 353 2355 januarii,
372 2277 541 2340 reverendus
553 2290 632 2358 pater
650 2276 725 2339 dom.
743 2275 889 2353 Henricus,
911 2278 961 2339 Dei
974 2279 1060 2360 gratia
1080 2299 1129 2341 ar·

54 2371 249 2454 chiepiscopus
260 2387 287 2436 et
301 2393 395 2436 comes
408 2373 611 2455 Lugdunensis,
630 2373 763 2455 recepita
780 2373 907 2454 gentibus
922 2375 1025 2438 domini
1040 2375 1127 2438 nostri

57 2488 156 2549 ”pape
171 2483 198 2532 et
211 2470 283 2532 dom¹
296 2471 357 2533 vice
372 2471 479 2534 comitis
494 2460 641 2534 Bellifortis
654 2470 743 2532 bullas
757 2483 784 2532 et
799 2470 902 2533 litteras
913 2470 983 2534 infra
996 2471 1128 2553 designa-

57 2580 104 2628 tas
122 2579 154 2628 ¹:
302 2557 305 2561 ’
602 2586 603 2590 ’

103 2667 186 2745 1699.
195 2665 387 2741 Primo,unam
399 2666 501 2728 bullam
510 2685 563 2747 que
574 2664 699 2746 dirigitur
710 2665 794 2747 priori
805 2679 832 2728 et
842 2665 990 2728 conventui
1002 2672 1127 2729 Fratrum

55 2760 265 2823 predicatorum
280 2762 314 2825 de
327 2762 463 2836 veneciis,
480 2762 554 2844 quod
569 2762 723 2844 depositum
735 2765 863 2824 XXXHm
877 2762 1038 2824 ducatorum
1055 2764 1138 2841 auri,

54 2858 133 2939 quod
158 2858 260 2921 habent
279 2858 314 2920 ad
332 2878 402 2940 opus
426 2859 498 2920 dom'
519 2854 606 2921 nostri
631 2879 702 2941 pape
721 2873 753 2949 et·
773 2859 832 2938 ejus
854 2878 963 2922 camere
987 2859 1127 2941 depositos

53 2973 143 3035 penes
165 2976 223 3032 eos,
256 2957 366 3019 tradant
392 2977 442 3038 per
464 2957 539 3019 dom.
565 2957 729 3037 Gregorium
746 2952 906 3038 episcopum
928 2971 994 3020 tunc
1010 2957 1127 3020 electum
1186 3019 1187 3023 ,

52 3052 254 3116 cenadiensem
269 3066 296 3115 et
307 3053 422 3116 Paulum
438 3053 565 3132 juvenem
575 3053 636 3116 aule
650 3054 723 3115 dom¹
735 3073 754 3088 ··
771 3054 844 3135 regis
860 3054 980 3136 Ungarie
995 3055 1127 3136 magistro

50 3149 170 3211 iohanni
187 3150 221 3212 de
231 3150 346 3227 Aurelio,
374 3151 580 3230 Foroiuliensis,
595 3164 622 3213 et
639 3158 723 3214 Petro
742 3151 777 3214 de
793 3158 893 3214 Pereto
920 3151 1126 3230 vindocinensi,

10 3317 17 3338 ,
54 3248 233 3310 Camotensis
251 3247 428 3311 ecclesiarum
442 3247 651 3310 archidiaconis.
669 3282 706 3294 -
726 3266 808 3324 ¹7⁰0·
839 3254 917 3324 Item,
931 3248 1011 3311 aliam
1024 3249 1127 3311 bullam

56 3344 190 3406 directam
215 3345 294 3408 dictis
318 3344 528 3419 archidiaconis,
551 3344 578 3405 in
604 3362 658 3425 qua
673 3344 754 3406 datur
775 3344 814 3406 eis
829 3358 951 3425 potestas
979 3346 1128 3427 recipiendi

56 3440 160 3502 dictum
173 3428 327 3522 depositum
338 3454 364 3504 et
378 3440 512 3523 quittandi
525 3439 613 3502 dictos
627 3439 746 3521 priorem
761 3453 789 3501 et
800 3455 977 3503 conventum.
987 3477 1027 3488 -
1040 3461 1125 3520 1701.

58 3532 190 3613 ltem,'al.
207 3538 308 3600 bullam
323 3545 467 3619 perquam
483 3528 610 3599 dominus
623 3549 718 3599 noster
731 3556 802 3617 papa
820 3536 932 3600 mandat
946 3537 1025 3601 dictis
1036 3538 1128 3600 archi·
1199 3561 1202 3572 ·

56 3633 191 3708 diaconis,
207 3635 281 3717 quod
296 3635 362 3697 dict.
380 3634 557 3715 quantitatem
579 3636 679 3695 XXXm
695 3633 856 3696 ducatorum
878 3634 988 3697 tradant
1013 3648 1041 3697 et
1061 3634 1129 3698 assi·
1192 3651 1195 3656 ·

55 3745 143 3811 gnent
163 3731 240 3792 dom⁰
258 3731 395 3794 Leuczoni
414 3730 449 3792 de
471 3737 581 3812 Lemps,
598 3729 683 3810 priori
708 3729 800 3792 Sancti
825 3731 935 3807 Donati,
953 3731 1127 3795 decretorum

54 3829 176 3906 doctori,
199 3842 227 3891 et
240 3828 387 3910 Rodulpho
406 3827 443 3890 de
459 3827 609 3903 Chissiaco,
626 3826 759 3894 canonico
780 3828 978 3905 Lausannensi,
994 3847 1127 3909 procura·

54 3927 162 3991 toribus
181 3947 231 3990 seu
252 3927 359 3990 nunciis
379 3926 452 3988 dom¹
478 3945 498 3961 ··
520 3924 641 4006 dalphini
664 3945 680 3987 a
699 3924 773 3988 dicto
798 3925 873 3988 dom.
906 3926 1126 4009 archiepiscopo,

99 4147 120 4187 r.
137 4131 192 4202 Guy
208 4132 336 4201 Auunun,
347 4128 485 4184 Documents
499 4145 569 4200 mss„
584 4136 604 4185 t.
620 4128 665 4198 IV,
680 4130 697 4184 i·
714 4128 773 4201 278,
789 4127 873 4202 papier
887 4129 919 4185 du
934 4138 1022 4202 temps.
