2716 4784
510 411 689 474 ,205-

60 524 142 585 dom0
160 524 315 586 Ilumberto
329 525 459 606 dalphino
480 525 629 588 Viennensi
643 546 693 608 per
714 527 790 589 dom.
802 528 935 590 Iacobum
946 528 982 591 de
992 529 1134 610 Arguello,

60 622 203 683 dominum
222 623 258 685 de
275 630 378 706 Rosey,
399 624 531 706 Bysensis
547 625 677 688 diocesis

108 739 190 799 1144.
206 727 285 797 Item,
304 722 389 803 quod.
406 722 443 782 al.
455 722 666 784 instrumentum
680 722 757 804 publ.
771 723 902 803 scriptum
913 742 996 785 manu
1008 723 1141 805 Aymonis

61 819 213 899 Burgensis
223 820 259 881 de
270 820 429 882 Morestello
438 821 537 883 notarii
545 821 623 902 publ.
636 821 688 883 sub
698 840 771 882 anno
784 822 837 884 Dr'ti
849 828 1139 897 II⁰CCC⁰XIIII.IIL0,

59 916 108 978 die
122 929 212 977 ioumt
225 917 326 979 mensis
346 917 449 998 aprilis,
472 917 557 979 indic.
575 935 648 995 vnn,
667 917 813 999 continens
834 918 1026 981 remissionem
1039 918 1141 981 factam

59 1013 141 1074 dom0
157 1014 311 1076 Humberto
339 1014 471 1096 dalphino
484 1014 633 1077 Viennensi
652 1035 702 1095 per
720 1015 927 1078 universitatem
954 1015 1142 1078 mandamenti

62 1111 213 1172 Morestelli
226 1112 254 1172 in
267 1124 341 1174 terra
352 1111 637 1186 Turris,deomnibus
654 1112 880 1192 oppressionibus
891 1127 919 1176 et
935 1113 1142 1194 gravaminibus

60 1207 115 1290 sibi
129 1208 261 1289 impensis
276 1214 326 1290 per
340 1209 407 1272 dict.
423 1208 564 1271 dominum
580 1222 609 1271 et
621 1209 679 1288 ejus
694 1210 919 1290 predecessores,
936 1223 964 1272 et
980 1210 1142 1273 concessio-

59 1324 127 1367 nem
141 1305 241 1368 iactam
255 1306 290 1369 de
305 1316 335 1367 νθ
348 1307 442 1369 solidis
453 1327 504 1387 pro
515 1307 589 1369 bona
603 1320 714 1369 moneta
723 1307 860 1370 iacienda.

109 1420 192 1484 ¹¹45·
211 1411 290 1479 Item,
309 1403 427 1466 vidimus
450 1404 558 1482 cujusd.
585 1404 679 1466 lictere
695 1404 759 1466 date
779 1405 831 1467 sub
845 1425 919 1469 anno
937 1407 990 1468 nni
1011 1412 1141 1470 II0CCC0

62 1506 181 1576 XXIII0,
205 1501 350 1563 continens
370 1501 445 1582 quod
462 1501 538 1563 dom.
554 1500 715 1563 Guillelmus
731 1501 809 1564 Flore
831 1517 859 1564 et
882 1503 959 1565 dom.
977 1504 1068 1565 Guido
1083 1512 1141 1567 Ca-

60 1598 157 1678 prarii,
179 1599 280 1661 'milites
306 1599 379 1660 dotni
397 1598 470 1679 regis
496 1598 622 1674 Francie,
638 1598 843 1661 confitebantur
873 1599 976 1663 habere
997 1600 1032 1662 ad
1045 1619 1143 1662 manns

61 1713 128 1755 suas
137 1695 248 1757 nomine
262 1695 327 1763 dicti
340 1694 505 1775 domaregis
519 1708 639 1756 castrum
658 1695 750 1757 Sancti
765 1696 896 1757 Germani
913 1710 943 1758 et
956 1697 1075 1778 quedam
1090 1697 1143 1759 alia

62 1804 166 1869 castra,
182 1785 294 1854 racione
309 1812 438 1854 excausa
453 1791 481 1852 in
495 1791 568 1853 dicta
585 1791 680 1853 lietera
696 1804 838 1854 contenta.

110 1887 193 1967 1146.
215 1896 294 1964 Item,
325 1889 410 1970 quod.
432 1889 510 1970 publ.
537 1889 749 1950 instrumentum
775 1889 803 1951 in
832 1888 965 1970 pendenti
993 1888 1143 1970 sigillatum

63 1984 153 2066 sigillo
175 1985 251 2047 curie
270 1983 434 2047 officiolatus
459 1975 663 2066 Lugdunensis,
685 1985 817 2066 scriptum
846 2005 929 2048 manu
956 1985 1088 2048 Iohannis
1108 1986 1144 2049 de
1204 2061 1207 2065 ,

65 2090 168 2145 Sancto
181 2084 314 2166 Dyonisio
332 2083 431 2145 notarii
445 2083 522 2164 publ.
537 2083 589 2145 sub
601 2102 674 2145 anno
695 2090 805 2146 Incam.
824 2085 912 2146 Dt'tice
928 2090 1105 2160 II⁰CCC⁰V⁰,
1123 2099 1144 2144 1²
1163 2165 1166 2169 .

63 2179 109 2241 die
123 2180 225 2242 mensis
237 2180 339 2256 martii,
355 2181 499 2242 continens
513 2179 588 2261 qnod
603 2180 679 2242 dom.
698 2181 856 2243 Ludovicus
870 2182 906 2244 de
921 2182 1040 2260 vilariis,
1056 2181 1144 2263 prime
1165 2172 1168 2177 ‘
1273 2235 1278 2243 .

64 2276 258 2357 Lugdunensis
270 2277 386 2339 ecclesie
400 2277 636 2359 archiepiscopus.
655 2278 796 2341 constituit
814 2292 842 2341 et
858 2279 996 2342 ordinavit
1009 2279 1060 2341 ἰῙΙες
1069 2279 1144 2341 viros

63 2374 140 2436 dom.
155 2375 308 2437 Iohannem
328 2375 466 2457 Dalphini,
482 2375 612 2437 comitem
626 2374 839 2465 vapincens'em,
855 2391 883 2438 et
896 2376 972 2438 dom.
986 2376 1143 2438 Gnidonem
1242 2387 1245 2394 '

64 2472 124 2552 ejus
140 2472 252 2534 fratrem
272 2487 299 2535 et
319 2472 470 2554 quemlibet
492 2493 587 2536 eorum
614 2472 762 2534 insolidum
791 2473 921 2535 custodes
948 2485 976 2534 et
1000 2473 1145 2554 garderios

35 2597 40 2606 ·
63 2569 251 2632 domuslortis
265 2571 301 2632 de
313 2571 406 2632 Beche
416 2571 511 2653 Velley
526 2583 554 2632 et
566 2570 655 2633 tocius
674 2570 860 2632 mandamenti
874 2570 1009 2650 ejusdem,
1026 2586 1054 2634 et
1073 2591 1145 2634 con-

63 2668 148 2729 cessit
162 2667 266 2729 eisdem
282 2667 400 2729 durante
414 2668 541 2749 garderia
555 2667 679 2748 predicta
692 2668 798 2729 fructus
810 2679 842 2743 ,et
860 2667 1050 2730 obvenciones
1072 2669 1146 2746 ejus·

63 2762 140 2839 dem,
158 2776 185 2825 et
203 2764 329 2844 promisit
342 2764 446 2827 eisdem
473 2784 609 2846 expensas
625 2763 743 2826 reddere
760 2778 788 2827 et
801 2764 910 2827 solvere
932 2784 1000 2847 quas
1023 2765 1145 2846 proinde

61 2858 179 2923 iecerint
193 2861 376 2923 custodiendo
403 2861 447 2924 vel
464 2859 630 2924 edifficando
645 2861 758 2923 domum
781 2860 913 2943 predict,
943 2875 1026 2942 prout
1042 2862 1071 2924 in
1085 2861 1144 2944 ipsa

63 2955 155 3019 littera
166 2958 335 3021 continetur.
629 3018 631 3023 ,
796 2984 799 2990 ’
1112 2993 1114 2998 =

79 3094 84 3103 -
110 3074 193 3134 1¹47·
208 3063 287 3133 Item,
302 3057 386 3137 qued.
405 3056 500 3119 lietera
514 3050 638 3118 officialis
661 3055 737 3117 curie
751 3055 945 3135 Lugdunensis
975 3056 1092 3137 sigillata
1117 3056 1145 3117 in

63 3151 197 3231 pendenti
210 3152 300 3233 sigillo
312 3152 397 3233 ipsius
410 3152 546 3229 officialis,
564 3153 667 3234 scripta
681 3173 765 3221 manu
779 3153 915 3215 Gruilloni
928 3152 994 3215 dicti
1009 3150 1145 3219 Chavallii

65 3247 101 3308 de
116 3249 238 3326 Cnsello,
256 3250 308 3312 sub
320 3268 393 3312 anno
416 3249 469 3310 uni
489 3256 719 3326 tttcccoxvtn,
732 3250 777 3311 die
794 3268 847 3310 vna
861 3249 964 3312 mensis
976 3248 1053 3324 maii,
1076 3267 1146 3310 con-

63 3345 156 3407 tinens
171 3348 246 3427 quod
261 3347 361 3409 nobilis
373 3361 400 3409 et
414 3361 513 3428 potens
528 3348 570 3409 vir
583 3348 660 3410 dom.
683 3355 765 3428 Ilugo
777 3347 812 3408 de
827 3346 985 3422 Scabilone,
1015 3344 1145 3407 dominus

64 3441 102 3504 de
114 3443 225 3520 Arlaco,
240 3445 383 3507 confessus
392 3444 443 3506 luit
457 3464 487 3506 se
500 3443 638 3525 recepisse
649 3442 830 3525 corporaliter
837 3443 872 3505 ab
883 3442 918 3504 ill¹
928 3441 1052 3523 principe
1067 3441 1143 3504 dom.

63 3537 189 3601 Iohanne
206 3540 336 3622 dalphino
351 3541 499 3605 Viennensi
514 3540 641 3603 tradente
654 3541 683 3603 in
709 3539 821 3604 lendum
850 3539 974 3601 francum
1003 3551 1031 3600 et
1052 3537 1146 3600 nobile

64 3635 157 3697 omnia
170 3636 244 3699 bona
259 3657 432 3719 quecumque
446 3638 511 3714 sint,
525 3658 595 3719 quas
611 3637 676 3707 olim
687 3637 763 3698 dom.
779 3637 919 3698 Iohannes
929 3635 1057 3698 dominus
1072 3653 1147 3698 con·

65 3733 130 3794 darn
148 3734 183 3795 de
200 3735 311 3798 Cnsello
325 3735 451 3797 habebat
459 3750 486 3797 et
500 3735 614 3798 tenebat
629 3735 657 3796 in
678 3747 738 3796 toto
759 3733 955 3795 mandamento
979 3731 1080 3802 Cuselli
1102 3731 1148 3793 vel

65 3830 130 3892 alibi
152 3831 187 3893 de
205 3833 302 3895 franco
316 3833 428 3910 allodio,
448 3853 499 3914 pro
522 3823 724 3913 quibns'eidem
743 3831 819 3893 dom.
840 3831 971 3913 dalphino
985 3830 1150 3912 homagium

66 3928 163 4008 ligium
178 3929 297 4010 prestitit
310 3930 400 3993 dictus
412 3932 489 3993 dom.
508 3937 602 4011 Hugo.

112 4026 198 4105 1148.
215 4033 295 4101 Item,
313 4027 398 4107 qued.
420 4027 509 4090 littera
523 4026 614 4106 sigillo
628 4025 702 4087 domi
715 4027 832 4100 ¹Octonis
852 4027 889 4088 de
902 4024 1074 4106 Burgondia,
1093 4024 1148 4085 do-

66 4122 132 4182 mini
157 4123 322 4198 Salinarum,
346 4123 448 4204 scripta
466 4123 518 4185 sub
539 4123 684 4185 annolini
705 4120 1149 4199 M0ce0uxx011110,menseJa·
