2716 4784
589 400 765 460 -,.4-

141 516 255 578 Revello
274 528 302 577 et
322 516 483 577 Vincentius
496 515 655 597 creyssenti
672 513 857 575 vendiderunt
876 511 954 572 dom⁰
971 511 1092 572 Beatrici
1105 511 1194 573 domine

141 610 298 691 Fucigniaci
315 611 454 692 quandam
478 613 586 692 peciam
600 612 682 673 vinee
702 625 730 674 et
744 610 848 692 quand.
865 610 973 690 peciam
997 623 1072 671 terre
1091 610 1161 672 sitan
1175 610 1196 670 in

139 727 235 769 manso
248 709 403 789 Requitelli,
421 711 515 790 precio
530 729 598 770 xxm
615 709 745 770 librarum
760 709 895 770 viennen.
1056 790 1059 797 Ι

177 805 246 866 622.
266 812 345 881 lrem,
375 806 462 887 quod.
495 807 532 868 al.
559 806 771 869 instrumentum
796 805 874 885 publ.
902 804 945 886 (ut
968 802 1056 884 618),
1076 802 1200 864 continens

138 903 295 984 homagium
312 903 405 985 ligium
425 904 569 984 prestitum
596 904 676 964 dom⁰
686 916 782 965 nostro
795 902 927 984 dalphino
951 919 1003 982 per
1033 907 1144 964 Petrum
1166 899 1200 961 del

141 1008 302 1082 Domengec
319 1010 397 1063 Mure
409 1015 435 1062 et
445 1002 630 1063 terminum...

178 1099 247 1175 623.
268 1104 346 1171 item,
366 1098 450 1179 qued.
468 1098 557 1159 littera
571 1098 660 1160 tribus
672 1098 767 1180 sigillis
782 1097 943 1188 inpendenti
961 1095 1094 1177 sigillata,
1118 1095 1204 1174 scripta

138 1194 189 1256 sub
211 1214 285 1256 anno
305 1195 358 1256 Diri
375 1201 619 1268 M⁰CC⁰XC0V110,
640 1214 715 1256 nnn0
729 1194 843 1256 kalend.
870 1192 1047 1274 septembris,
1077 1191 1205 1254 continens

138 1289 380 1353 confirmacionem
390 1292 490 1353 factam
507 1291 586 1352 dome
602 1291 751 1373 B(eatrici)
769 1289 1032 1371 dalphine,domine
1049 1287 1204 1370 Fucigniao',

138 1406 188 1465 per
206 1387 281 1448 dom.
301 1387 482 1449 llumbertum
498 1388 657 1468 dalphinum
675 1388 859 1450 Viennensem
882 1401 909 1449 et
930 1386 1007 1477 dom.
1026 1392 1133 1446 Annam
1158 1385 1207 1462 ejus

138 1497 295 1545 consortem
315 1499 343 1547 et
366 1484 442 1547 dom.
459 1486 611 1546 lohannem
632 1486 808 1566 Dalphinum,
824 1483 1031 1558 eorumfilium,
1066 1482 1101 1544 de
1128 1495 1207 1544 castro

142 1583 272 1644 Terracie
287 1597 315 1644 et
333 1583 367 1644 de
381 1583 508 1644 omnibus
524 1583 647 1664 aquisitis
664 1597 692 1644 et
709 1581 867 1664 aquirendis
888 1600 938 1660 per
950 1601 1022 1642 earn.
1122 1588 1125 1593 '

179 1680 248 1760 624.
267 1689 346 1755 ltem,
356 1683 440 1763 qued.
454 1683 542 1743 littera
553 1682 580 1742 in
596 1681 727 1761 pendenti
741 1680 861 1761 quodam
871 1679 960 1760 sigillo
973 1678 1105 1759 sigillata,
1117 1675 1207 1755 scripta

137 1777 165 1838 in
180 1799 362 1859 pergameno,
377 1780 522 1840 continens
540 1780 614 1859 quod
633 1779 794 1840 Guillelmus
808 1779 844 1840 de
860 1777 1078 1839 lntermontibus
1098 1773 1208 1857 promisit

137 1873 292 1950 juramento
307 1894 358 1935 suo
377 1887 450 1936 stare
466 1875 601 1936 voluntati
619 1889 647 1937 et
670 1875 841 1936 ordinacioni
867 1874 940 1935 dom¹
959 1873 1077 1954 Andree¹
1099 1868 1206 1951 dalphini

137 1970 300 2032 Viennensis
315 1985 342 2032 et
357 1974 415 2048 ejus
430 1972 577 2046 consortis,
596 1984 623 2032 et
639 1972 752 2051 insuper
770 1985 890 2033 castrum
912 1990 992 2031 suurn
1013 1970 1049 2031 de
1070 1977 1207 2031 intermori·

136 2067 221 2142 tibus,
238 2068 312 2147 quod
330 2069 432 2129 anullo
443 2070 597 2146 juramento
614 2088 664 2130 suo
679 2070 821 2131 asserebat
833 2083 941 2143 tenere,
960 2068 1105 2147 acciperet
1119 2066 1205 2128 adicto

138 2163 250 2224 domino
269 2177 296 2224 et
312 2164 386 2243 quod
402 2165 468 2226 dict.
496 2165 623 2236 dominus
640 2166 729 2246 ipsum
757 2180 878 2228 castrum
906 2165 1141 2246 quandocumque
1165 2161 1204 2224 sib·

137 2259 259 2339 placeret
280 2260 419 2340 acciperet
447 2275 474 2323 et
498 2262 627 2323 vexillum
642 2282 721 2323 suurn
742 2263 892 2342 insignum
914 2261 1121 2342 recognicionis
1137 2277 1205 2338 supra

137 2356 239 2418 dictum
251 2370 370 2418 castrum
385 2373 512 2437 poneret,
530 2360 675 2421 continens
690 2360 782 2440 pluras
802 2359 870 2421 alias
899 2359 1108 2421 convenciones
1133 2358 1204 2418 iactas

137 2455 209 2516 inter
221 2475 269 2516 eos
284 2469 367 2536 prout
382 2456 410 2517 in
427 2456 500 2517 dicta
516 2457 610 2518 lietera
625 2458 791 2519 continetur.

177 2551 246 2631 625.
276 2558 355 2623 Item,
391 2553 477 2632 quod.
510 2554 546 2614 al.
579 2553 656 2633 publ.
676 2554 888 2615 instrumentum
904 2553 1046 2635 (uidit),
1077 2553 1203 2615 continens

138 2649 295 2728 homagium
314 2649 408 2728 ligium
422 2651 565 2728 prestitum
583 2670 633 2730 per
652 2657 820 2713 Peronetom
837 2650 940 2712 Brilleti
965 2651 1000 2713 de
1028 2651 1164 2712 Alavardo
1177 2646 1203 2708 ill'

137 2745 254 2825 principi
268 2746 344 2806 dom.
363 2746 507 2807 llunberto
518 2747 649 2827 dalphino
665 2748 813 2809 Viennensi
827 2762 854 2810 et
870 2748 1058 2810 terminum...

179 2841 248 2901 626.
268 2848 347 2928 ltem,
366 2842 452 2922 quod.
468 2843 503 2904 al.
521 2844 732 2906 instrumentum
750 2845 841 2924 publ,
865 2845 998 2925 scriptum
1015 2865 1100 2906 manu
1120 2841 1204 2905 llumbi

140 2937 218 2998 Pilati
233 2950 293 2997 not.
311 2937 392 3016 pub,
412 2939 463 2999 sub
480 2936 553 3000 anno
571 2941 623 3000 Diri
646 2947 930 3016 M⁰CCC⁰XXXllll0,
953 2940 1039 3002 indic.
1062 2954 1105 3017 11³,
1121 2941 1163 3001 die
1175 2949 1203 2998 rr²

138 3033 359 3109 mensisrnarcii,
392 3035 537 3098 continens
554 3032 820 3119 homagium'ligium
838 3039 873 3099 de
897 3057 1016 3119 corpore
1044 3054 1072 3101 et
1100 3053 1202 3118 persona

33 3193 41 3204 ,
138 3133 282 3212 prestitum
297 3152 347 3212 per
363 3133 483 3194 nobilem
500 3134 642 3195 mulierem
665 3135 835 3208 Ysabellam,
853 3136 976 3197 relictam
990 3136 1157 3217 Raynardeti
1176 3132 1201 3193 de

140 3236 240 3304 Ponte,
254 3230 288 3290 illi
302 3230 416 3310 principi
432 3231 509 3291 dom⁰
519 3244 614 3292 nostro
628 3230 657 3292 d.
679 3233 833 3299 Humberto
848 3233 997 3294 Viennensi
1013 3232 1154 3313 dalphino,

178 3327 246 3403 627.
268 3334 346 3400 Item,
363 3328 448 3408 quod.
467 3329 678 3390 instrumentum
687 3329 729 3410 (ot
744 3329 828 3410 626),
846 3329 891 3390 die
906 3343 971 3389 viua
984 3349 1075 3391 mens.
1092 3325 1200 3408 januarii,

138 3423 283 3484 continens
297 3423 454 3503 homagium
465 3424 558 3504 ligium
579 3438 606 3486 et
631 3426 854 3505 recognicionern
870 3425 1012 3505 prestitam
1034 3445 1086 3506 per
1108 3433 1203 3487 Petrum

139 3521 256 3600 Algoudi
272 3533 300 3581 et
317 3521 488 3581 Lantelmum
504 3521 621 3601 Algoudi
636 3521 714 3582 dom⁰
730 3522 872 3602 dalphino,
887 3521 923 3583 de
938 3522 1089 3597 medietate
1103 3523 1202 3583 duarum

36 3667 46 3674 ..
138 3617 255 3694 partium
280 3616 422 3694 cujusdam
448 3617 568 3698 homagii
594 3637 644 3697 pro
658 3618 742 3678 feudo
772 3618 846 3698 quod
866 3631 962 3680 tenent
984 3618 1021 3680 ab
1043 3619 1106 3699 ipso
1124 3640 1131 3694 ;
1152 3617 1201 3678 iten

139 3711 228 3773 dictus
242 3720 340 3775 Petrus
352 3715 495 3775 confessus
519 3715 568 3775 luit
593 3734 623 3775 se
650 3714 753 3788 debere
768 3715 925 3794 homagium
941 3715 1035 3795 ligium
1051 3716 1127 3778 dicto
1141 3716 1200 3776 don.

140 3807 270 3886 dalphino
284 3810 395 3872 racione
412 3811 564 3890 empcionis
592 3811 663 3872 facte
695 3830 746 3891 per
771 3811 851 3898 dom.
883 3811 1044 3891 dalphinum
1063 3814 1202 3895 predicta

140 3902 218 3964 dom⁰
234 3905 369 3982 Villenco,
384 3907 496 3969 domino
513 3907 548 3970 de
565 3908 643 3970 Bello
659 3908 754 3982 Simili,
770 3922 797 3969 et
811 3909 998 3971 terminum...
1011 3923 1017 3954 ¹

140 4054 201 4163 Gor.
217 4037 255 4164 bl'p
269 4056 301 4118 m.
318 4041 470 4112 Lolquatur)
485 4038 628 4095 comissario
647 4037 677 4093 ad
693 4037 858 4111 recipiendum
873 4035 1056 4111 recognitiones
1070 4033 1203 4112 dalphinalet

181 4125 225 4165 oce
243 4126 285 4164 tm.
729 4125 732 4130 ·
