2716 4784
596 347 755 408 -8,-

136 475 160 536 hi
176 477 310 540 Iohannis
332 479 467 559 Baptiste,
494 478 640 558 continens
661 478 819 559 homagium
843 480 986 559 prestitum
1013 481 1093 543 dom0
1116 493 1212 543 nostro

135 572 266 655 dalphino
278 576 396 638 Iohanni
412 589 440 638 et
452 575 670 656 recognitionem
684 576 735 638 sibi
748 576 860 654 factam,
875 576 910 638 de
923 590 1014 639 castro
1032 591 1061 639 et
1073 577 1163 658 burgo
1178 576 1213 639 de

135 671 230 747 Stella,
248 673 285 735 de
300 674 389 736 Crista
413 687 441 736 et
463 672 581 754 plurium
608 673 724 735 aliorum
750 692 855 750 rerum,
884 693 934 754 per
955 681 1103 757 hymarum
1128 673 1212 735 filium

135 769 249 850 hymari
264 771 300 832 de
312 771 447 834 Pictavia.

147 920 151 927 .
173 887 245 945 407.
264 876 343 944 Item,
362 868 447 950 qued.
463 868 541 929 litera
557 868 585 929 in
601 868 734 948 pendenti
753 867 869 948 sigillata
889 882 1007 950 quatuor
1026 869 1132 950 sigillis,
1149 871 1213 932 data
1315 950 1317 954 p

135 963 188 1025 sub
202 983 276 1026 anno
286 965 340 1026 Diri
353 971 596 1040 M⁰CC0LIIIIIX0,
610 964 655 1026 die
670 963 778 1026 sabbati
788 977 852 1025 ante
868 964 968 1026 festum
979 965 1005 1026 b¹
1015 966 1121 1028 Thome
1133 986 1215 1047 apos-

133 1061 196 1136 toli,
211 1060 356 1123 continens
371 1061 600 1142 compromissum
619 1060 721 1122 factum
735 1061 807 1123 inter
822 1062 898 1124 dom.
915 1062 1075 1143 episcopum
1090 1062 1215 1125 Valenti-

134 1176 214 1234 num,
238 1157 350 1223 nomine
374 1157 447 1219 domi
473 1157 673 1238 archiepiscopi
690 1157 865 1236 Viennensis,
880 1178 915 1221 ex
931 1178 985 1220 una
1002 1174 1081 1240 parte
1095 1173 1124 1222 et
1135 1159 1212 1221 dom.

137 1255 324 1318 IIumbertum
336 1255 464 1336 Dalphini
474 1276 509 1318 ex
522 1256 619 1318 altera.
671 1293 674 1298 .

176 1337 247 1430 468.
263 1360 343 1429 Item,
364 1353 448 1434 qued.
465 1353 543 1414 litere
558 1352 684 1414 confecte
703 1352 755 1414 sub
779 1373 853 1414 anno
871 1353 924 1415 uni
942 1359 1212 1429 III⁰CCC0IIIIIIIII⁰,

135 1447 283 1529 inquibus
304 1450 461 1512 continetur
475 1449 550 1531 quod
569 1456 651 1530 Ilugo
678 1449 804 1524 Chalom,
827 1457 963 1532 hymarus
982 1450 1106 1526 corneti,
1130 1449 1214 1511 Falco

134 1547 292 1624 Alamandi,
310 1548 471 1610 Guillelmus
486 1548 521 1609 de
537 1555 638 1635 hymo,
653 1547 833 1609 Iohannonus
846 1547 881 1609 de
897 1548 1041 1620 Borsiaco,
1057 1548 1215 1630 Symondus

136 1647 173 1708 de
189 1646 341 1722 Mercurol,
357 1648 496 1708 Iohannes
517 1644 642 1721 clavelli,
662 1652 801 1706 Dronetus
815 1645 850 1706 de
867 1645 1010 1722 Borsiaco,
1032 1653 1164 1707 Maronus
1177 1645 1212 1705 dc

137 1740 256 1818 Chamo,
273 1744 357 1806 Falco
369 1743 530 1825 Mangnoni,
545 1742 723 1804 Ancelmetus
737 1742 855 1804 Boudeti
879 1741 1009 1805 confessi.
1024 1743 1135 1805 fuerunt
1154 1762 1215 1805 esse

137 1836 265 1900 homines
279 1839 461 1919 dalphinales.

176 1955 247 2014 409.
278 1945 358 2013 Item,
382 1937 468 2020 quod.
493 1939 705 2001 instrumentum
728 1936 830 1998 factum
859 1955 942 1997 manu
973 1935 1087 1997 Guarini
1114 1934 1215 1997 notarii

136 2034 216 2114 publ.
241 2034 294 2095 sub
317 2055 390 2097 anno
412 2043 521 2098 Incarn.
559 2034 646 2096 Ditice
668 2039 896 2110 mmcmxxv„
912 2053 951 2095 vu
970 2033 1084 2096 kalend.
1109 2033 1213 2114 aprilis,

135 2131 283 2193 continens
293 2131 368 2213 quod
383 2146 530 2213 preceptor
545 2132 573 2193 in
590 2131 737 2194 Viennesio
762 2129 857 2206 militie
877 2130 985 2211 Templi
1000 2130 1164 2212 recognovit
1185 2150 1215 2194 se

135 2242 233 2292 tenere
246 2250 263 2290 a
276 2231 355 2292 dom0
366 2230 496 2311 dalphino
513 2242 633 2291 castrum
650 2229 686 2291 de
707 2228 853 2310 Planeysia
879 2248 942 2290 cum
957 2239 1007 2291 s'uo
1021 2229 1216 2291 mandamento

137 2339 165 2388 et
177 2326 320 2390 territorio
331 2341 361 2389 et
376 2327 466 2390 locum
478 2327 512 2388 de
529 2335 641 2408 Vourey
661 2339 682 2386 ¹.
875 2402 878 2410 Ι

176 2442 249 2502 410.
267 2431 346 2500 Item,
368 2423 453 2504 quod.
478 2424 556 2504 publ.
580 2424 793 2485 instrumentum
818 2422 975 2484 confectum
1003 2441 1086 2483 manu
1115 2421 1215 2482 IIumb⁵

138 2521 221 2583 Pilati
233 2534 294 2583 not.
315 2521 383 2602 pub.
408 2522 460 2584 sub
488 2541 561 2583 anno
588 2520 642 2582 uni
675 2524 962 2594 II0CCC0XXX11110,
992 2517 1089 2580 indict.
1109 2532 1153 2594 11³,
1171 2518 1216 2579 die

138 2633 220 2679 nxnra
237 2618 342 2681 mensis
361 2618 489 2698 januarii,
508 2612 653 2681 continen's
678 2616 895 2678 transactionem
921 2615 1021 2678 laetam
1047 2616 1119 2678 inter
1137 2616 1214 2677 dom.

140 2716 326 2779 IIumbertum
340 2715 500 2797 dalphinum
516 2735 550 2778 ex
565 2735 620 2777 una
633 2728 712 2794 parte
740 2727 768 2775 et
783 2713 859 2774 dom.
885 2713 1039 2799 Berardum
1062 2711 1096 2774 de
1122 2710 1220 2772 Lanief

139 2813 174 2875 de
189 2804 316 2876 Isarone
326 2833 361 2874 ex
384 2813 447 2890 alia,
459 2832 543 2893 super
556 2812 681 2893 pluribus
696 2810 894 2891 quantitatibus
908 2812 1076 2873 florenorum
1089 2820 1119 2881 et
1130 2825 1218 2888 pecu-

139 2911 184 2973 nie
198 2911 293 2992 petitis
309 2911 462 2991 peripsum
485 2911 562 2972 dom.
592 2907 752 2970 Berardum
772 2928 788 2969 a
803 2908 882 2969 dom0
897 2907 1040 2988 dalphino,
1072 2905 1217 2968 continens

139 3008 222 3070 etiam
235 3007 394 3088 homagium
420 3020 448 3069 et
473 3006 690 3088 recognitionem
704 3005 849 3090 factumuet
860 3005 961 3067 iactam
977 3003 1128 3085 peripsum
1139 3002 1214 3064 dom.

113 3154 115 3157 ,
140 3104 296 3168 Berardum
311 3105 391 3165 dom⁰
405 3102 536 3184 dalphino
549 3100 685 3183 predicto.
1140 3173 1144 3183 Ι

178 3222 213 3282 41
225 3221 250 3263 ι.
264 3209 354 3276 Item,
371 3201 457 3282 quod.
473 3201 685 3267 instrumentum
700 3201 906 3283 confectum(ut
918 3203 1002 3282 405),
1019 3202 1064 3263 die
1075 3215 1214 3263 immons.

140 3299 269 3378 januarii,
287 3298 432 3362 continens
446 3298 664 3379 recognitionem
681 3300 823 3361 Ponczoni
836 3299 871 3360 de
889 3299 1031 3374 Montiliis,
1047 3299 1093 3380 qui
1105 3299 1217 3360 confes-

140 3415 190 3457 sus
202 3394 254 3456 fuit
262 3408 358 3457 tenere
371 3394 400 3456 in
415 3394 527 3456 feudum
538 3415 553 3455 a
564 3394 643 3456 domo
662 3395 793 3475 dalphino
807 3415 904 3457 omnes
930 3408 1018 3456 terras
1044 3409 1073 3456 et
1094 3392 1218 3457 redditus

141 3513 196 3574 que
208 3492 267 3572 ipse
282 3491 366 3554 habet
377 3491 405 3553 in
418 3485 614 3553 mandamento
625 3505 653 3552 et
666 3492 804 3572 territorio
814 3493 849 3553 de
864 3491 997 3553 Cabeolo.

180 3607 252 3668 412.
272 3595 352 3662 Item,
371 3588 455 3669 qued.
472 3588 550 3650 litere
564 3588 719 3650 auctentice
739 3588 856 3668 sigillato
871 3588 980 3651 duobus
993 3587 1091 3669 sigillis
1103 3588 1132 3650 ln
1146 3586 1218 3668 pen-

141 3686 230 3762 denti,
250 3686 307 3748 sub
328 3705 401 3754 anno
425 3685 485 3753 ‚Diti
498 3691 679 3746 II⁰CC⁰LXX
695 3691 800 3760 VIIII0,
816 3685 860 3746 die
874 3685 1001 3746 mercurii
1016 3698 1080 3747 ante
1097 3687 1217 3764 Pascha,

138 3784 318 3846 contiuentes
332 3796 413 3863 pacta
424 3796 452 3845 et
464 3783 669 3845 convenciones
684 3782 772 3846 factas
784 3783 857 3844 inter
871 3784 946 3845 dom.
957 3783 1150 3847 IIumbertum
1164 3785 1218 3845 do-

139 3880 258 3951 minum⁴
273 3879 309 3942 de
329 3885 418 3941 'Iurre
437 3892 466 3943 et
484 3878 560 3941 dom.
584 3879 722 3941 Silvonem
741 3877 776 3940 de
795 3878 921 3942 clariaco
944 3897 1027 3960 super
1042 3879 1217 3955 deffensione

182 4105 205 4141 r.
222 4084 260 4138 En
276 4102 308 4140 m.
325 4081 489 4157 Perquiratur
504 4083 632 4157 profacto
647 4080 737 4138 domini
751 4080 852 4137 Tollini.

968 4125 973 4133 ι
994 4126 1025 4135 oet·
1044 4126 1067 4136 v·
1084 4124 1087 4133 ι
1120 4120 1129 4133 II

960 4134 1090 4216 .¹.a·lulo61nu
1121 4142 1138 4158 '¹⁵
1154 4146 1173 4157 *-
