2716 4784
482 454 483 459 ,
576 422 616 436 ···
641 407 696 470 ¹39
714 421 754 436 ··

122 517 178 580 sub
195 535 269 578 anno
288 517 342 578 oni
366 523 594 592 M⁰CC⁰LXXH⁰,
619 518 704 580 indic.
725 536 773 594 xv,
798 537 827 580 v1
851 519 952 582 mensis
966 518 1041 593 maii,
1060 519 1205 582 continens

122 614 201 696 quod
216 614 292 676 dom.
311 620 345 676 P.
362 614 485 689 Aurucii,
507 614 637 676 dominus
652 615 755 677 Montis
771 615 891 692 Bonodi,
909 615 1064 696 albergavit
1086 603 1203 676 lolianni

125 709 236 773 Fexdef
246 724 274 772 et
289 716 367 772 Bone
385 710 499 773 Femine
512 711 592 773 uxori
607 711 730 789 ejusdem
745 712 859 793 quamd.
872 713 974 793 petiam
986 712 1067 774 vinee
1081 712 1163 774 sitam
1176 711 1204 772 in

122 825 223 869 manso
239 806 385 888 Requitelli
410 807 487 886 juxta
506 808 580 869 viam
601 804 655 890 qua
670 808 725 870 itur
741 828 839 871 versus
855 809 1073 889 Grationopolim
1090 827 1125 871 ex
1150 826 1204 869 una

124 915 215 982 parte,
232 921 284 983 pro
293 920 322 962 vr
334 903 456 965 sestariis
470 904 526 966 vini
540 904 601 986 puri
611 923 712 967 census
721 918 750 966 et
763 924 815 986 pro
825 925 879 968 una
890 905 991 988 gallina
1003 923 1103 967 census
1113 903 1202 967 eidem

125 999 205 1061 dom⁰
220 1006 306 1060 Petro
333 1000 517 1079 persolvenda
536 1013 557 1063 ¹.

166 1096 235 1157 802.
262 1104 340 1172 Item,
352 1097 439 1186 quod.
456 1097 533 1176 publ.
550 1097 763 1160 instrumentum
781 1118 863 1160 manu
880 1098 1017 1161 Guillelmi
1028 1099 1099 1161 sacri
1111 1097 1205 1179 palatii

125 1192 238 1268 notarii,
256 1192 309 1255 sub
324 1212 397 1254 anno
412 1193 664 1270 DiriM⁰11⁶Lllll⁰,
680 1195 766 1257 indic.
780 1208 848 1273 vua,
867 1197 912 1259 die
928 1197 1022 1258 martis
1040 1208 1084 1257 ur⁰
1105 1194 1207 1257 mensis

125 1290 234 1366 marcii,
248 1291 393 1352 continens
407 1291 482 1370 quod
492 1289 597 1353 Juliana
613 1311 684 1353 uxor
696 1293 828 1355 lohannis
846 1293 991 1355 Humberti
1009 1292 1085 1354 dedit
1097 1290 1205 1353 tuliano

126 1386 234 1462 Grassi,
248 1386 301 1447 civi
317 1387 538 1467 Gracionopolis,
552 1405 570 1448 u
583 1387 687 1451 solidos
696 1407 796 1451 census
808 1409 892 1470 super
902 1390 1021 1471 quadam
1031 1388 1113 1451 vinea
1123 1407 1205 1470 quam
1258 1402 1261 1407 ’

126 1481 211 1544 habet
225 1482 253 1543 in
276 1484 420 1563 parrochia
436 1485 529 1546 Sancti
545 1485 686 1566 Fergeoli.

167 1579 237 1657 803.
252 1586 330 1656 ltem,
344 1581 430 1661 quod.
447 1582 524 1662 publ.
543 1581 753 1645 instrumentum
768 1582 924 1645 confectum
939 1602 1021 1645 manu
1037 1582 1152 1645 Guarini
1171 1581 1207 1645 de

127 1681 266 1758 correyo,
285 1677 337 1739 sub
360 1697 434 1740 anno
464 1678 517 1740 Diri
545 1685 718 1753 M⁰CC⁰LX⁰‚
749 1679 846 1742 indict.
865 1693 918 1756 111²,
934 1680 979 1741 die
1002 1679 1129 1741 mercurii
1144 1691 1208 1759 post

127 1772 345 1853 carnisprivium
354 1788 446 1852 vetus,
458 1775 605 1838 continens
618 1775 693 1856 quod
708 1775 864 1855 Stephanus
876 1775 1001 1837 corderii
1025 1788 1054 1836 et
1066 1773 1208 1854 villelmus

128 1869 281 1946 Eustachii,
295 1869 366 1932 lilius
382 1871 521 1934 Eustachii
539 1886 567 1934 et
581 1871 774 1954 Breyssendis,
786 1871 877 1952 Guigo
892 1869 1209 1952 Vignacivendideruot

128 1967 265 2048 Syboudo
279 1967 314 2028 de
326 1973 501 2030 castronovo
517 1987 557 2029 uu
573 1969 654 2030 solid.
672 1986 773 2030 census
788 1982 816 2030 et
826 1987 855 2029 vr
873 1968 969 2030 denar.
987 1980 1016 2030 et
1032 1985 1059 2029 rx
1076 1966 1157 2028 solid.
1172 1965 1209 2028 de

127 2063 231 2142 placito
246 2082 300 2143 que
314 2063 380 2125 lacit
395 2071 430 2126 G.
449 2065 517 2127 Boci
530 2079 558 2127 et
570 2065 671 2146 quosd.
689 2064 758 2127 alios
772 2083 872 2127 census
889 2064 1044 2145 descriptos
1059 2063 1088 2126 in
1104 2063 1205 2126 instr¹⁰.

171 2159 242 2237 804.
260 2167 339 2234 Item,
356 2160 440 2241 qued.
460 2161 554 2224 lietera
569 2181 623 2243 que
641 2162 691 2224 luit
709 2161 738 2222 in
763 2160 894 2242 pendenti
913 2160 1041 2241 sigillata,
1070 2158 1122 2222 sub
1136 2178 1210 2221 anno

130 2255 187 2316 Diri
201 2262 446 2333 M0CC⁰XXX1110,
475 2267 537 2318 vur⁰
549 2258 612 2320 idus
627 2258 768 2333 febroarii,
784 2258 928 2321 continens
951 2257 1036 2338 quod.
1059 2256 1211 2319 Vullelmus

128 2353 207 2434 prior
223 2354 340 2416 ecclesie
367 2355 402 2416 de
428 2363 563 2433 Domena,
581 2357 616 2418 de
641 2358 783 2420 voluntate
798 2375 978 2418 monacorum
993 2374 1106 2418 suorum
1138 2355 1210 2416 dicte

128 2451 258 2526 ecclesie,
275 2452 389 2514 donavit
415 2453 493 2514 dom⁸
521 2454 639 2517 Beatrici
669 2454 818 2516 Viennensi
833 2453 972 2516 comitisse
992 2452 1122 2534 quicquid
1145 2452 1211 2531 juris

128 2546 253 2609 habebat
267 2549 384 2611 ecclesia
411 2551 446 2612 de
461 2552 616 2628 Traforcio,
637 2552 750 2614 racione
773 2551 846 2613 utilis
867 2550 979 2612 dominii
998 2551 1043 2612 vel
1057 2550 1164 2624 directi,
1182 2549 1211 2611 in

129 2643 216 2705 domo
227 2645 262 2706 de
280 2646 381 2707 Thesia
395 2666 458 2708 cum
473 2663 632 2711 casamento
655 2648 778 2728 ejusdem
806 2648 919 2711 racione
934 2646 1053 2709 Eustoiri
1065 2645 1120 2708 filie
1136 2646 1211 2708 Petri

130 2743 263 2806 chaberti
278 2745 404 2807 dedicate
419 2746 492 2808 dicte
504 2747 630 2808 ecclesie.

172 2841 241 2921 805.
260 2847 339 2917 Item,
356 2843 442 2923 quod.
459 2844 670 2905 instrumentum
685 2843 842 2905 conlectum
857 2860 939 2903 manu
956 2840 1088 2902 lohannis
1098 2839 1208 2916 notarii,

129 2937 183 2999 sub
194 2957 268 2999 anno
284 2938 338 3000 oni
353 2946 582 3016 M⁰CC0LX⁰V10,
602 2941 698 3002 indict.
713 2953 790 3016 vru2,
816 2939 860 3000 die
883 2939 954 3018 jovis
972 2950 994 2999 1a
1019 2937 1123 3019 aprilis,
1146 2956 1213 2998 con-

128 3033 222 3095 tinens
237 3034 311 3113 quod
323 3042 423 3098 Petrus
437 3037 581 3098 curnellus
596 3036 720 3118 promisit
730 3050 758 3098 et
770 3056 853 3117 supra
868 3051 962 3099 sancta
992 3035 1042 3098 Dei
1062 3034 1212 3119 Evangelia

129 3131 232 3208 juravit
250 3131 359 3192 solvere
375 3133 516 3194 annuatim
542 3133 618 3194 dom⁰
632 3138 717 3195 Petro
732 3133 843 3195 Aurucii
858 3145 886 3194 et
906 3132 963 3194 suis
978 3131 1142 3195 rsestarium
1156 3131 1213 3192 fru-

130 3227 217 3289 menti
234 3247 285 3309 pro
299 3229 385 3308 quod.
401 3230 541 3293 escambio
558 3244 689 3293 contento
708 3231 824 3292 indicto
845 3229 948 3291 instro.

173 3322 241 3384 806.
262 3331 341 3400 ltem,
360 3325 444 3405 qued.
463 3326 557 3389 lictere
570 3327 679 3388 duobus
703 3327 796 3406 sigillis
822 3326 984 3406 inpendenti
1006 3324 1135 3406 sigillare,
1159 3322 1210 3384 sub

123 3437 206 3487 ,anno
224 3424 448 3496 M⁰CC⁰XXX10,
467 3423 562 3485 indict.
581 3437 645 3499 11112,
662 3433 692 3484 x⁰
708 3424 821 3509 kalend.
847 3423 915 3501 julii,
934 3422 1107 3497 continentes
1136 3421 1212 3502 quod

132 3513 291 3576 Willelmus
304 3515 428 3578 chalvini
445 3532 473 3580 et
489 3518 658 3581 Humbertus
676 3519 760 3581 frater
772 3519 830 3598 ejus
841 3519 1035 3598 obligaverunt
1046 3516 1167 3578 Berlioni
1178 3516 1213 3577 de

132 3616 308 3674 castronovo
319 3631 346 3674 rx
361 3614 443 3676 solid.
460 3635 571 3694 census,
588 3618 634 3698 qui
651 3609 751 3679 census
768 3631 796 3679 et
805 3630 960 3698 prestantes
975 3615 1088 3677 eosdem
1105 3612 1212 3695 parcel-

131 3710 208 3771 latim
229 3710 423 3774 describuntur
444 3714 472 3775 in
494 3715 561 3777 dict.
579 3715 692 3790 licteris,
716 3727 744 3777 et
764 3714 815 3775 fuit
830 3715 903 3777 facta
920 3713 993 3774 dicta
1009 3712 1146 3794 obligacio
1162 3731 1212 3794 per

132 3809 246 3870 modum
261 3810 455 3890 guaje'riecum
472 3825 663 3875 estovemento
681 3825 764 3892 prout
776 3811 870 3872 lictere
884 3810 1036 3873 declarant.

172 4057 194 4094 ι.
215 4038 256 4094 En
273 4056 306 4094 m.
325 4035 490 4112 Perquiraur
508 4039 539 4096 ad
558 4038 681 4095 sciendum
696 4037 716 4094 si
730 4036 829 4093 solvunt
842 4037 872 4093 de
886 4035 993 4112 presenti
1006 4037 1074 4094 dom·
1095 4035 1212 4112 dalphino

132 4109 199 4167 dicta
215 4110 248 4165 Vl
262 4118 322 4166 sest.
338 4108 388 4166 vini
395 4118 422 4166 et
429 4109 487 4182 gall.
