<?xml version="1.0" encoding="UTF-8"?>
<!DOCTYPE html PUBLIC "-//W3C//DTD XHTML 1.0 Transitional//EN"
    "http://www.w3.org/TR/xhtml1/DTD/xhtml1-transitional.dtd">
<html xmlns="http://www.w3.org/1999/xhtml" xml:lang="en" lang="en">
 <head>
  <title>
</title>
<meta http-equiv="Content-Type" content="text/html;charset=utf-8" />
  <meta name='ocr-system' content='tesseract 3.04.00' />
  <meta name='ocr-capabilities' content='ocr_page ocr_carea ocr_par ocr_line ocrx_word'/>
</head>
<body>
  <div class='ocr_page' id='page_1' title='image "./inventairedesar01glgoog/inventairedesar01glgoog_0283.png"; bbox 0 0 2716 4784; ppageno 0'>
   <div class='ocr_carea' id='block_1_1' title="bbox 586 406 765 468">
    <p class='ocr_par' dir='ltr' id='par_1_1' title="bbox 586 406 765 468">
     <span class='ocr_line' id='line_1_1' title="bbox 586 406 765 468; baseline 0 -33"><span class='ocrx_word' id='word_1_1' title='bbox 586 406 765 468; x_wconf 74' lang='lat'>-„,-</span> 
     </span>
    </p>
   </div>
   <div class='ocr_carea' id='block_1_2' title="bbox 137 518 1228 3911">
    <p class='ocr_par' dir='ltr' id='par_1_2' title="bbox 137 518 1215 703">
     <span class='ocr_line' id='line_1_2' title="bbox 137 518 1215 603; baseline -0.006 -16"><span class='ocrx_word' id='word_1_2' title='bbox 137 536 204 587; x_wconf 91' lang='lat' dir='ltr'>runt</span> <span class='ocrx_word' id='word_1_3' title='bbox 225 520 383 603; x_wconf 76' lang='lat' dir='ltr'><strong>homagium</strong></span> <span class='ocrx_word' id='word_1_4' title='bbox 406 533 435 583; x_wconf 90' lang='lat' dir='ltr'>et</span> <span class='ocrx_word' id='word_1_5' title='bbox 453 518 613 597; x_wconf 78' lang='lat' dir='ltr'>fidelitatem</span> <span class='ocrx_word' id='word_1_6' title='bbox 639 519 721 585; x_wconf 89' lang='lat' dir='ltr'>dictis</span> <span class='ocrx_word' id='word_1_7' title='bbox 743 518 774 585; x_wconf 88' lang='lat' dir='ltr'>d.</span> <span class='ocrx_word' id='word_1_8' title='bbox 806 526 977 601; x_wconf 76' lang='lat' dir='ltr'>Diagoneto</span> <span class='ocrx_word' id='word_1_9' title='bbox 1000 531 1034 583; x_wconf 89' lang='lat' dir='ltr'>et</span> <span class='ocrx_word' id='word_1_10' title='bbox 1055 518 1118 599; x_wconf 84' lang='lat' dir='ltr'>ejus</span> <span class='ocrx_word' id='word_1_11' title='bbox 1138 518 1215 601; x_wconf 81' lang='lat' dir='ltr'>nepou&#39;</span> 
     </span>
     <span class='ocr_line' id='line_1_3' title="bbox 139 629 315 703; baseline -0.028 -17"><span class='ocrx_word' id='word_1_12' title='bbox 139 629 315 703; x_wconf 80' lang='lat' dir='ltr'>Dragoneto.</span> 
     </span>
    </p>

    <p class='ocr_par' dir='ltr' id='par_1_3' title="bbox 137 714 1227 1678">
     <span class='ocr_line' id='line_1_4' title="bbox 183 714 1220 800; baseline -0.002 -19"><span class='ocrx_word' id='word_1_13' title='bbox 183 736 268 799; x_wconf 85' lang='lat'><strong>¹440·</strong></span> <span class='ocrx_word' id='word_1_14' title='bbox 287 725 366 795; x_wconf 90' lang='lat' dir='ltr'>ltem,</span> <span class='ocrx_word' id='word_1_15' title='bbox 382 717 468 800; x_wconf 87' lang='lat' dir='ltr'>quod.</span> <span class='ocrx_word' id='word_1_16' title='bbox 487 716 565 799; x_wconf 83' lang='lat' dir='ltr'><strong>publ.</strong></span> <span class='ocrx_word' id='word_1_17' title='bbox 587 716 800 781; x_wconf 83' lang='lat' dir='ltr'>instrumentum</span> <span class='ocrx_word' id='word_1_18' title='bbox 821 716 927 779; x_wconf 85' lang='lat' dir='ltr'>iactum</span> <span class='ocrx_word' id='word_1_19' title='bbox 941 728 973 779; x_wconf 89' lang='lat' dir='ltr'>et</span> <span class='ocrx_word' id='word_1_20' title='bbox 987 714 1135 797; x_wconf 81' lang='lat' dir='ltr'>signatum</span> <span class='ocrx_word' id='word_1_21' title='bbox 1150 734 1220 779; x_wconf 89' lang='lat' dir='ltr'>manu</span> 
     </span>
     <span class='ocr_line' id='line_1_5' title="bbox 140 812 1219 899; baseline -0.004 -20"><span class='ocrx_word' id='word_1_22' title='bbox 140 814 296 899; x_wconf 84' lang='lat' dir='ltr'>Raymundi</span> <span class='ocrx_word' id='word_1_23' title='bbox 313 813 464 877; x_wconf 83' lang='lat' dir='ltr'>Bermondi</span> <span class='ocrx_word' id='word_1_24' title='bbox 479 813 578 877; x_wconf 89' lang='lat' dir='ltr'>notarii</span> <span class='ocrx_word' id='word_1_25' title='bbox 589 814 667 896; x_wconf 85' lang='lat' dir='ltr'><strong>publ.</strong></span> <span class='ocrx_word' id='word_1_26' title='bbox 683 814 736 877; x_wconf 88' lang='lat' dir='ltr'>sub</span> <span class='ocrx_word' id='word_1_27' title='bbox 752 833 826 877; x_wconf 91' lang='lat' dir='ltr'>anno</span> <span class='ocrx_word' id='word_1_28' title='bbox 841 818 1015 895; x_wconf 82' lang='lat' dir='ltr'><strong>M⁰cC⁰Ll·‚</strong></span> <span class='ocrx_word' id='word_1_29' title='bbox 1030 822 1066 877; x_wconf 71' lang='lat' dir='ltr'>u·</span> <span class='ocrx_word' id='word_1_30' title='bbox 1081 812 1144 877; x_wconf 91' lang='lat' dir='ltr'>idus</span> <span class='ocrx_word' id='word_1_31' title='bbox 1156 812 1219 891; x_wconf 89' lang='lat' dir='ltr'>maii,</span> 
     </span>
     <span class='ocr_line' id='line_1_6' title="bbox 137 909 1221 993; baseline -0.001 -17"><span class='ocrx_word' id='word_1_32' title='bbox 137 912 284 977; x_wconf 89' lang='lat' dir='ltr'>continens</span> <span class='ocrx_word' id='word_1_33' title='bbox 299 911 328 974; x_wconf 92' lang='lat' dir='ltr'>in</span> <span class='ocrx_word' id='word_1_34' title='bbox 345 911 445 975; x_wconf 85' lang='lat' dir='ltr'>ellectu</span> <span class='ocrx_word' id='word_1_35' title='bbox 466 910 542 993; x_wconf 90' lang='lat' dir='ltr'>quod</span> <span class='ocrx_word' id='word_1_36' title='bbox 562 912 639 974; x_wconf 93' lang='lat' dir='ltr'>dom.</span> <span class='ocrx_word' id='word_1_37' title='bbox 664 911 802 974; x_wconf 75' lang='lat' dir='ltr'>nnllosius</span> <span class='ocrx_word' id='word_1_38' title='bbox 814 909 887 975; x_wconf 88' lang='lat' dir='ltr'>lilius</span> <span class='ocrx_word' id='word_1_39' title='bbox 907 912 990 975; x_wconf 81' lang='lat' dir='ltr'>dom·</span> <span class='ocrx_word' id='word_1_40' title='bbox 1013 912 1097 993; x_wconf 82' lang='lat' dir='ltr'>regis</span> <span class='ocrx_word' id='word_1_41' title='bbox 1109 912 1221 987; x_wconf 76' lang='lat' dir='ltr'>Francis,</span> 
     </span>
     <span class='ocr_line' id='line_1_7' title="bbox 138 1008 1224 1094; baseline 0 -21"><span class='ocrx_word' id='word_1_42' title='bbox 138 1028 233 1073; x_wconf 89' lang='lat' dir='ltr'>comes</span> <span class='ocrx_word' id='word_1_43' title='bbox 247 1008 420 1071; x_wconf 71' lang='lat' dir='ltr'>pictavensis</span> <span class='ocrx_word' id='word_1_44' title='bbox 434 1022 461 1071; x_wconf 90' lang='lat' dir='ltr'>et</span> <span class='ocrx_word' id='word_1_45' title='bbox 472 1008 593 1071; x_wconf 82' lang='lat' dir='ltr'>Tholose</span> <span class='ocrx_word' id='word_1_46' title='bbox 616 1029 649 1073; x_wconf 90' lang='lat' dir='ltr'>ac</span> <span class='ocrx_word' id='word_1_47' title='bbox 662 1010 787 1094; x_wconf 90' lang='lat' dir='ltr'>marquio</span> <span class='ocrx_word' id='word_1_48' title='bbox 812 1010 979 1086; x_wconf 73' lang='lat' dir='ltr'>provincie,</span> <span class='ocrx_word' id='word_1_49' title='bbox 1008 1010 1224 1093; x_wconf 75' lang='lat' dir='ltr'>recognoscebat</span> 
     </span>
     <span class='ocr_line' id='line_1_8' title="bbox 138 1106 1225 1191; baseline 0.002 -22"><span class='ocrx_word' id='word_1_50' title='bbox 138 1126 169 1169; x_wconf 88' lang='lat' dir='ltr'>se</span> <span class='ocrx_word' id='word_1_51' title='bbox 193 1106 313 1170; x_wconf 85' lang='lat' dir='ltr'>donasse</span> <span class='ocrx_word' id='word_1_52' title='bbox 326 1107 407 1169; x_wconf 82' lang='lat' dir='ltr'>dom0</span> <span class='ocrx_word' id='word_1_53' title='bbox 427 1113 589 1188; x_wconf 79' lang='lat' dir='ltr'>Dragoneto</span> <span class='ocrx_word' id='word_1_54' title='bbox 612 1106 725 1171; x_wconf 88' lang='lat' dir='ltr'>domino</span> <span class='ocrx_word' id='word_1_55' title='bbox 743 1106 846 1171; x_wconf 84' lang='lat' dir='ltr'>Montis</span> <span class='ocrx_word' id='word_1_56' title='bbox 857 1106 962 1169; x_wconf 79' lang='lat' dir='ltr'>Albani</span> <span class='ocrx_word' id='word_1_57' title='bbox 978 1107 1225 1191; x_wconf 81' lang='lat' dir='ltr'>et&#39;suisimperpe</span> 
     </span>
     <span class='ocr_line' id='line_1_9' title="bbox 138 1203 1226 1288; baseline -0.001 -20"><span class='ocrx_word' id='word_1_58' title='bbox 138 1217 215 1268; x_wconf 89' lang='lat' dir='ltr'>tuum</span> <span class='ocrx_word' id='word_1_59' title='bbox 240 1203 333 1266; x_wconf 91' lang='lat' dir='ltr'>omnia</span> <span class='ocrx_word' id='word_1_60' title='bbox 345 1203 406 1283; x_wconf 87' lang='lat' dir='ltr'>jura</span> <span class='ocrx_word' id='word_1_61' title='bbox 420 1217 449 1266; x_wconf 89' lang='lat' dir='ltr'>et</span> <span class='ocrx_word' id='word_1_62' title='bbox 465 1204 586 1267; x_wconf 88' lang='lat' dir='ltr'>rationes</span> <span class='ocrx_word' id='word_1_63' title='bbox 608 1225 663 1288; x_wconf 90' lang='lat' dir='ltr'>que</span> <span class='ocrx_word' id='word_1_64' title='bbox 679 1218 708 1269; x_wconf 89' lang='lat' dir='ltr'>et</span> <span class='ocrx_word' id='word_1_65' title='bbox 720 1224 790 1287; x_wconf 90' lang='lat' dir='ltr'>quas</span> <span class='ocrx_word' id='word_1_66' title='bbox 803 1204 927 1267; x_wconf 88' lang='lat' dir='ltr'>habebat</span> <span class='ocrx_word' id='word_1_67' title='bbox 940 1204 972 1267; x_wconf 93' lang='lat' dir='ltr'>in</span> <span class='ocrx_word' id='word_1_68' title='bbox 993 1219 1099 1269; x_wconf 88' lang='lat' dir='ltr'>castro</span> <span class='ocrx_word' id='word_1_69' title='bbox 1112 1224 1161 1269; x_wconf 84' lang='lat' dir='ltr'>seu</span> <span class='ocrx_word' id='word_1_70' title='bbox 1172 1204 1226 1267; x_wconf 83' lang='lat' dir='ltr'>villa</span> 
     </span>
     <span class='ocr_line' id='line_1_10' title="bbox 140 1300 1226 1382; baseline 0 -17"><span class='ocrx_word' id='word_1_71' title='bbox 140 1303 233 1367; x_wconf 89' lang='lat' dir='ltr'>Sancti</span> <span class='ocrx_word' id='word_1_72' title='bbox 260 1302 438 1364; x_wconf 74' lang='lat' dir='ltr'>pantaleonis</span> <span class='ocrx_word' id='word_1_73' title='bbox 463 1315 492 1364; x_wconf 90' lang='lat' dir='ltr'>et</span> <span class='ocrx_word' id='word_1_74' title='bbox 514 1302 574 1382; x_wconf 90' lang='lat' dir='ltr'>ejus</span> <span class='ocrx_word' id='word_1_75' title='bbox 590 1302 717 1367; x_wconf 89' lang='lat' dir='ltr'>districtu</span> <span class='ocrx_word' id='word_1_76' title='bbox 738 1322 788 1365; x_wconf 88' lang='lat' dir='ltr'>seu</span> <span class='ocrx_word' id='word_1_77' title='bbox 807 1302 1025 1381; x_wconf 80' lang='lat' dir='ltr'>mandamento,</span> <span class='ocrx_word' id='word_1_78' title='bbox 1043 1302 1129 1365; x_wconf 81' lang='lat' dir='ltr'>salvo</span> <span class='ocrx_word' id='word_1_79' title='bbox 1142 1300 1226 1365; x_wconf 80' lang='lat' dir='ltr'>sibiet</span> 
     </span>
     <span class='ocr_line' id='line_1_11' title="bbox 139 1398 1227 1481; baseline -0.001 -17"><span class='ocrx_word' id='word_1_80' title='bbox 139 1414 247 1464; x_wconf 90' lang='lat' dir='ltr'>retento</span> <span class='ocrx_word' id='word_1_81' title='bbox 275 1400 372 1477; x_wconf 83' lang='lat' dir='ltr'>majori</span> <span class='ocrx_word' id='word_1_82' title='bbox 393 1399 527 1477; x_wconf 91' lang='lat' dir='ltr'>dominio,</span> <span class='ocrx_word' id='word_1_83' title='bbox 543 1414 571 1463; x_wconf 90' lang='lat' dir='ltr'>et</span> <span class='ocrx_word' id='word_1_84' title='bbox 584 1400 675 1465; x_wconf 90' lang='lat' dir='ltr'>dictus</span> <span class='ocrx_word' id='word_1_85' title='bbox 696 1399 773 1464; x_wconf 92' lang='lat' dir='ltr'>dom.</span> <span class='ocrx_word' id='word_1_86' title='bbox 801 1407 984 1481; x_wconf 80' lang='lat' dir='ltr'>Dragonetus</span> <span class='ocrx_word' id='word_1_87' title='bbox 1006 1400 1162 1463; x_wconf 77' lang='lat' dir='ltr'>confessus</span> <span class='ocrx_word' id='word_1_88' title='bbox 1184 1398 1227 1463; x_wconf 87' lang='lat' dir='ltr'>luit</span> 
     </span>
     <span class='ocr_line' id='line_1_12' title="bbox 140 1496 1225 1579; baseline 0 -18"><span class='ocrx_word' id='word_1_89' title='bbox 140 1518 170 1561; x_wconf 89' lang='lat' dir='ltr'>se</span> <span class='ocrx_word' id='word_1_90' title='bbox 182 1496 324 1579; x_wconf 89' lang='lat' dir='ltr'>accepisse</span> <span class='ocrx_word' id='word_1_91' title='bbox 339 1510 367 1561; x_wconf 92' lang='lat' dir='ltr'>et</span> <span class='ocrx_word' id='word_1_92' title='bbox 379 1510 476 1561; x_wconf 88' lang='lat' dir='ltr'>tenere</span> <span class='ocrx_word' id='word_1_93' title='bbox 488 1498 516 1559; x_wconf 93' lang='lat' dir='ltr'>in</span> <span class='ocrx_word' id='word_1_94' title='bbox 529 1498 643 1562; x_wconf 83' lang='lat' dir='ltr'>feudum</span> <span class='ocrx_word' id='word_1_95' title='bbox 652 1498 689 1561; x_wconf 92' lang='lat' dir='ltr'>ab</span> <span class='ocrx_word' id='word_1_96' title='bbox 699 1498 798 1561; x_wconf 90' lang='lat' dir='ltr'>eodem</span> <span class='ocrx_word' id='word_1_97' title='bbox 806 1498 883 1561; x_wconf 91' lang='lat' dir='ltr'>dom.</span> <span class='ocrx_word' id='word_1_98' title='bbox 896 1498 1006 1561; x_wconf 87' lang='lat' dir='ltr'>comite</span> <span class='ocrx_word' id='word_1_99' title='bbox 1016 1512 1149 1563; x_wconf 81' lang='lat' dir='ltr'>castrum</span> <span class='ocrx_word' id='word_1_100' title='bbox 1158 1496 1225 1561; x_wconf 88' lang='lat' dir='ltr'>Podii</span> 
     </span>
     <span class='ocr_line' id='line_1_13' title="bbox 140 1596 286 1678; baseline -0.014 -19"><span class='ocrx_word' id='word_1_101' title='bbox 140 1596 286 1678; x_wconf 80' lang='lat' dir='ltr'>Guigonis.</span> 
     </span>
    </p>

    <p class='ocr_par' dir='ltr' id='par_1_4' title="bbox 139 1692 1228 3029">
     <span class='ocr_line' id='line_1_14' title="bbox 184 1692 1226 1777; baseline 0.004 -20"><span class='ocrx_word' id='word_1_102' title='bbox 184 1712 269 1775; x_wconf 88' lang='lat'>¹441·</span> <span class='ocrx_word' id='word_1_103' title='bbox 286 1701 365 1771; x_wconf 89' lang='lat' dir='ltr'>ltem,</span> <span class='ocrx_word' id='word_1_104' title='bbox 381 1692 468 1775; x_wconf 87' lang='lat' dir='ltr'>quod.</span> <span class='ocrx_word' id='word_1_105' title='bbox 487 1694 564 1776; x_wconf 87' lang='lat' dir='ltr'>pubi.</span> <span class='ocrx_word' id='word_1_106' title='bbox 586 1694 799 1758; x_wconf 86' lang='lat' dir='ltr'>instrumentum</span> <span class='ocrx_word' id='word_1_107' title='bbox 812 1714 862 1777; x_wconf 87' lang='lat' dir='ltr'>per</span> <span class='ocrx_word' id='word_1_108' title='bbox 882 1694 1003 1757; x_wconf 91' lang='lat' dir='ltr'>modum</span> <span class='ocrx_word' id='word_1_109' title='bbox 1020 1695 1121 1761; x_wconf 89' lang='lat' dir='ltr'>littere</span> <span class='ocrx_word' id='word_1_110' title='bbox 1135 1697 1226 1761; x_wconf 56' lang='lat' dir='ltr'>&amp;orm</span> 
     </span>
     <span class='ocr_line' id='line_1_15' title="bbox 139 1791 1227 1876; baseline 0 -19"><span class='ocrx_word' id='word_1_111' title='bbox 139 1806 167 1857; x_wconf 89' lang='lat' dir='ltr'>et</span> <span class='ocrx_word' id='word_1_112' title='bbox 180 1792 317 1875; x_wconf 85' lang='lat' dir='ltr'>slgnatum</span> <span class='ocrx_word' id='word_1_113' title='bbox 332 1811 415 1855; x_wconf 89' lang='lat' dir='ltr'>manu</span> <span class='ocrx_word' id='word_1_114' title='bbox 434 1792 531 1855; x_wconf 86' lang='lat' dir='ltr'>Poncii</span> <span class='ocrx_word' id='word_1_115' title='bbox 551 1792 630 1855; x_wconf 90' lang='lat' dir='ltr'>Conii</span> <span class='ocrx_word' id='word_1_116' title='bbox 644 1792 744 1855; x_wconf 89' lang='lat' dir='ltr'>notarii</span> <span class='ocrx_word' id='word_1_117' title='bbox 759 1791 836 1875; x_wconf 91' lang='lat' dir='ltr'>publ.</span> <span class='ocrx_word' id='word_1_118' title='bbox 851 1805 879 1855; x_wconf 90' lang='lat' dir='ltr'>et</span> <span class='ocrx_word' id='word_1_119' title='bbox 890 1791 1035 1855; x_wconf 87' lang='lat' dir='ltr'>bullatum</span> <span class='ocrx_word' id='word_1_120' title='bbox 1051 1794 1133 1857; x_wconf 88' lang='lat' dir='ltr'>bulla</span> <span class='ocrx_word' id='word_1_121' title='bbox 1145 1795 1227 1876; x_wconf 90' lang='lat' dir='ltr'>pluru-</span> 
     </span>
     <span class='ocr_line' id='line_1_16' title="bbox 139 1888 1226 1971; baseline 0.001 -19"><span class='ocrx_word' id='word_1_122' title='bbox 139 1889 193 1953; x_wconf 92' lang='lat' dir='ltr'>bea</span> <span class='ocrx_word' id='word_1_123' title='bbox 219 1889 304 1953; x_wconf 89' lang='lat' dir='ltr'>divisa</span> <span class='ocrx_word' id='word_1_124' title='bbox 323 1910 373 1971; x_wconf 89' lang='lat' dir='ltr'>per</span> <span class='ocrx_word' id='word_1_125' title='bbox 390 1888 511 1953; x_wconf 91' lang='lat' dir='ltr'>medium</span> <span class='ocrx_word' id='word_1_126' title='bbox 531 1889 604 1953; x_wconf 88' lang='lat' dir='ltr'>dom¹</span> <span class='ocrx_word' id='word_1_127' title='bbox 622 1889 768 1953; x_wconf 83' lang='lat' dir='ltr'>Bertrandi</span> <span class='ocrx_word' id='word_1_128' title='bbox 793 1888 918 1971; x_wconf 85' lang='lat' dir='ltr'>episcopi</span> <span class='ocrx_word' id='word_1_129' title='bbox 948 1890 1160 1969; x_wconf 85' lang='lat' dir='ltr'>Tricatrensis,</span> <span class='ocrx_word' id='word_1_130' title='bbox 1182 1890 1226 1955; x_wconf 86' lang='lat' dir='ltr'>sub</span> 
     </span>
     <span class='ocr_line' id='line_1_17' title="bbox 140 1986 1228 2075; baseline 0.005 -29"><span class='ocrx_word' id='word_1_131' title='bbox 140 2003 214 2047; x_wconf 91' lang='lat' dir='ltr'>anno</span> <span class='ocrx_word' id='word_1_132' title='bbox 244 1993 423 2064; x_wconf 81' lang='lat' dir='ltr'>M⁰CC⁰L11⁰,</span> <span class='ocrx_word' id='word_1_133' title='bbox 448 1996 522 2049; x_wconf 83' lang='lat' dir='ltr'>xtrrt⁰</span> <span class='ocrx_word' id='word_1_134' title='bbox 546 1986 660 2050; x_wconf 88' lang='lat' dir='ltr'>kalend.</span> <span class='ocrx_word' id='word_1_135' title='bbox 686 1986 756 2067; x_wconf 85' lang='lat' dir='ltr'>julii,</span> <span class='ocrx_word' id='word_1_136' title='bbox 779 1986 925 2051; x_wconf 90' lang='lat' dir='ltr'>continens</span> <span class='ocrx_word' id='word_1_137' title='bbox 950 1988 1033 2069; x_wconf 89' lang='lat' dir='ltr'>quod</span> <span class='ocrx_word' id='word_1_138' title='bbox 1053 1988 1228 2075; x_wconf 76' lang='lat' dir='ltr'>Raymundus</span> 
     </span>
     <span class='ocr_line' id='line_1_18' title="bbox 141 2083 1227 2167; baseline 0.003 -21"><span class='ocrx_word' id='word_1_139' title='bbox 141 2083 176 2146; x_wconf 90' lang='lat' dir='ltr'>de</span> <span class='ocrx_word' id='word_1_140' title='bbox 192 2084 361 2147; x_wconf 85' lang='lat' dir='ltr'>Medullione</span> <span class='ocrx_word' id='word_1_141' title='bbox 375 2084 558 2148; x_wconf 86' lang='lat' dir='ltr'>confitebatur</span> <span class='ocrx_word' id='word_1_142' title='bbox 573 2085 648 2167; x_wconf 87' lang='lat' dir='ltr'>quod</span> <span class='ocrx_word' id='word_1_143' title='bbox 664 2098 756 2148; x_wconf 88' lang='lat' dir='ltr'>castra</span> <span class='ocrx_word' id='word_1_144' title='bbox 773 2084 888 2147; x_wconf 84' lang='lat' dir='ltr'>inferius</span> <span class='ocrx_word' id='word_1_145' title='bbox 902 2084 1012 2166; x_wconf 87' lang='lat' dir='ltr'>scripta</span> <span class='ocrx_word' id='word_1_146' title='bbox 1034 2086 1155 2151; x_wconf 82' lang='lat' dir='ltr'>fuerunt</span> <span class='ocrx_word' id='word_1_147' title='bbox 1172 2087 1227 2149; x_wconf 90' lang='lat' dir='ltr'>data</span> 
     </span>
     <span class='ocr_line' id='line_1_19' title="bbox 141 2180 1226 2263; baseline 0.003 -19"><span class='ocrx_word' id='word_1_148' title='bbox 141 2180 219 2244; x_wconf 90' lang='lat' dir='ltr'>dom⁰</span> <span class='ocrx_word' id='word_1_149' title='bbox 233 2188 397 2263; x_wconf 80' lang='lat' dir='ltr'>Dragoneto</span> <span class='ocrx_word' id='word_1_150' title='bbox 419 2182 533 2245; x_wconf 92' lang='lat' dir='ltr'>domino</span> <span class='ocrx_word' id='word_1_151' title='bbox 555 2182 658 2245; x_wconf 84' lang='lat' dir='ltr'>Montis</span> <span class='ocrx_word' id='word_1_152' title='bbox 682 2182 780 2246; x_wconf 78' lang='lat' dir='ltr'>Albani</span> <span class='ocrx_word' id='word_1_153' title='bbox 808 2183 836 2245; x_wconf 92' lang='lat' dir='ltr'>in</span> <span class='ocrx_word' id='word_1_154' title='bbox 859 2182 956 2245; x_wconf 91' lang='lat' dir='ltr'>dotem</span> <span class='ocrx_word' id='word_1_155' title='bbox 982 2197 1012 2248; x_wconf 93' lang='lat' dir='ltr'>et</span> <span class='ocrx_word' id='word_1_156' title='bbox 1026 2186 1150 2249; x_wconf 90' lang='lat' dir='ltr'>nomine</span> <span class='ocrx_word' id='word_1_157' title='bbox 1164 2184 1226 2249; x_wconf 86' lang='lat' dir='ltr'>dotis</span> 
     </span>
     <span class='ocr_line' id='line_1_20' title="bbox 141 2278 1227 2367; baseline 0.009 -28"><span class='ocrx_word' id='word_1_158' title='bbox 141 2278 264 2356; x_wconf 67' lang='lat' dir='ltr'>almuse,</span> <span class='ocrx_word' id='word_1_159' title='bbox 282 2281 363 2343; x_wconf 83' lang='lat' dir='ltr'>uxori</span> <span class='ocrx_word' id='word_1_160' title='bbox 375 2281 442 2367; x_wconf 73' lang='lat' dir='ltr'>dicti</span> <span class='ocrx_word' id='word_1_161' title='bbox 456 2282 533 2344; x_wconf 90' lang='lat' dir='ltr'>dom.</span> <span class='ocrx_word' id='word_1_162' title='bbox 554 2280 706 2363; x_wconf 79' lang='lat' dir='ltr'>Dragoneti</span> <span class='ocrx_word' id='word_1_163' title='bbox 726 2294 756 2345; x_wconf 87' lang='lat' dir='ltr'>et</span> <span class='ocrx_word' id='word_1_164' title='bbox 778 2280 868 2344; x_wconf 87' lang='lat' dir='ltr'>sorori</span> <span class='ocrx_word' id='word_1_165' title='bbox 884 2280 973 2363; x_wconf 90' lang='lat' dir='ltr'>ipsius</span> <span class='ocrx_word' id='word_1_166' title='bbox 988 2286 1168 2367; x_wconf 85' lang='lat' dir='ltr'>Raymundi,</span> <span class='ocrx_word' id='word_1_167' title='bbox 1183 2304 1227 2367; x_wconf 87' lang='lat' dir='ltr'>per</span> 
     </span>
     <span class='ocr_line' id='line_1_21' title="bbox 141 2376 1227 2467; baseline 0.003 -26"><span class='ocrx_word' id='word_1_168' title='bbox 141 2376 218 2442; x_wconf 90' lang='lat' dir='ltr'>dom.</span> <span class='ocrx_word' id='word_1_169' title='bbox 237 2379 432 2463; x_wconf 82' lang='lat' dir='ltr'>Raymundum</span> <span class='ocrx_word' id='word_1_170' title='bbox 447 2379 482 2443; x_wconf 93' lang='lat' dir='ltr'>de</span> <span class='ocrx_word' id='word_1_171' title='bbox 506 2379 674 2442; x_wconf 85' lang='lat' dir='ltr'>Medullione</span> <span class='ocrx_word' id='word_1_172' title='bbox 696 2378 826 2455; x_wconf 90' lang='lat' dir='ltr'>condam,</span> <span class='ocrx_word' id='word_1_173' title='bbox 854 2393 963 2462; x_wconf 86' lang='lat' dir='ltr'>patrem</span> <span class='ocrx_word' id='word_1_174' title='bbox 984 2380 1059 2446; x_wconf 90' lang='lat' dir='ltr'>dict.</span> <span class='ocrx_word' id='word_1_175' title='bbox 1079 2381 1227 2467; x_wconf 83' lang='lat' dir='ltr'>Raymnndi</span> 
     </span>
     <span class='ocr_line' id='line_1_22' title="bbox 143 2475 1227 2560; baseline 0.005 -22"><span class='ocrx_word' id='word_1_176' title='bbox 143 2489 172 2539; x_wconf 91' lang='lat' dir='ltr'>et</span> <span class='ocrx_word' id='word_1_177' title='bbox 184 2477 308 2555; x_wconf 68' lang='lat' dir='ltr'>almuse,</span> <span class='ocrx_word' id='word_1_178' title='bbox 323 2477 408 2541; x_wconf 87' lang='lat' dir='ltr'>videl.</span> <span class='ocrx_word' id='word_1_179' title='bbox 424 2478 468 2558; x_wconf 85' lang='lat' dir='ltr'>jus</span> <span class='ocrx_word' id='word_1_180' title='bbox 484 2477 560 2560; x_wconf 91' lang='lat' dir='ltr'>quod</span> <span class='ocrx_word' id='word_1_181' title='bbox 580 2478 702 2541; x_wconf 89' lang='lat' dir='ltr'>habebat</span> <span class='ocrx_word' id='word_1_182' title='bbox 714 2476 743 2539; x_wconf 90' lang='lat' dir='ltr'>in</span> <span class='ocrx_word' id='word_1_183' title='bbox 756 2491 849 2540; x_wconf 88' lang='lat' dir='ltr'>castro</span> <span class='ocrx_word' id='word_1_184' title='bbox 865 2475 901 2539; x_wconf 90' lang='lat' dir='ltr'>de</span> <span class='ocrx_word' id='word_1_185' title='bbox 916 2477 987 2541; x_wconf 87' lang='lat' dir='ltr'>Pilis</span> <span class='ocrx_word' id='word_1_186' title='bbox 999 2492 1029 2543; x_wconf 90' lang='lat' dir='ltr'>et</span> <span class='ocrx_word' id='word_1_187' title='bbox 1047 2479 1080 2543; x_wconf 92' lang='lat' dir='ltr'>in</span> <span class='ocrx_word' id='word_1_188' title='bbox 1094 2494 1186 2545; x_wconf 91' lang='lat' dir='ltr'>castro</span> <span class='ocrx_word' id='word_1_189' title='bbox 1196 2479 1227 2543; x_wconf 86' lang='lat' dir='ltr'>de</span> 
     </span>
     <span class='ocr_line' id='line_1_23' title="bbox 143 2573 1228 2651; baseline 0.004 -13"><span class='ocrx_word' id='word_1_190' title='bbox 143 2583 239 2639; x_wconf 85' lang='lat' dir='ltr'>Monte</span> <span class='ocrx_word' id='word_1_191' title='bbox 254 2576 335 2639; x_wconf 90' lang='lat' dir='ltr'>olivo</span> <span class='ocrx_word' id='word_1_192' title='bbox 348 2590 376 2639; x_wconf 92' lang='lat' dir='ltr'>et</span> <span class='ocrx_word' id='word_1_193' title='bbox 389 2576 417 2638; x_wconf 92' lang='lat' dir='ltr'>in</span> <span class='ocrx_word' id='word_1_194' title='bbox 428 2576 511 2651; x_wconf 87' lang='lat' dir='ltr'>valle,</span> <span class='ocrx_word' id='word_1_195' title='bbox 523 2576 550 2637; x_wconf 93' lang='lat' dir='ltr'>in</span> <span class='ocrx_word' id='word_1_196' title='bbox 564 2588 657 2637; x_wconf 87' lang='lat' dir='ltr'>castro</span> <span class='ocrx_word' id='word_1_197' title='bbox 667 2574 704 2639; x_wconf 91' lang='lat' dir='ltr'>de</span> <span class='ocrx_word' id='word_1_198' title='bbox 714 2573 912 2651; x_wconf 85' lang='lat' dir='ltr'>Rocbabruna,</span> <span class='ocrx_word' id='word_1_199' title='bbox 926 2575 956 2636; x_wconf 89' lang='lat' dir='ltr'>in</span> <span class='ocrx_word' id='word_1_200' title='bbox 970 2590 1072 2641; x_wconf 89' lang='lat' dir='ltr'>castro</span> <span class='ocrx_word' id='word_1_201' title='bbox 1086 2580 1124 2642; x_wconf 88' lang='lat' dir='ltr'>de</span> <span class='ocrx_word' id='word_1_202' title='bbox 1135 2578 1228 2642; x_wconf 81' lang='lat' dir='ltr'>Avalu-</span> 
     </span>
     <span class='ocr_line' id='line_1_24' title="bbox 141 2672 1227 2757; baseline 0.003 -21"><span class='ocrx_word' id='word_1_203' title='bbox 141 2692 191 2748; x_wconf 93' lang='lat' dir='ltr'>no,</span> <span class='ocrx_word' id='word_1_204' title='bbox 208 2672 235 2735; x_wconf 93' lang='lat' dir='ltr'>in</span> <span class='ocrx_word' id='word_1_205' title='bbox 250 2688 342 2737; x_wconf 81' lang='lat' dir='ltr'>castro</span> <span class='ocrx_word' id='word_1_206' title='bbox 358 2673 450 2735; x_wconf 88' lang='lat' dir='ltr'>Sancti</span> <span class='ocrx_word' id='word_1_207' title='bbox 464 2672 615 2735; x_wconf 89' lang='lat' dir='ltr'>Marcellini</span> <span class='ocrx_word' id='word_1_208' title='bbox 633 2684 661 2735; x_wconf 92' lang='lat' dir='ltr'>et</span> <span class='ocrx_word' id='word_1_209' title='bbox 675 2672 758 2736; x_wconf 90' lang='lat' dir='ltr'>castri</span> <span class='ocrx_word' id='word_1_210' title='bbox 776 2672 871 2735; x_wconf 84' lang='lat' dir='ltr'>Roche</span> <span class='ocrx_word' id='word_1_211' title='bbox 886 2672 982 2735; x_wconf 88' lang='lat' dir='ltr'>Sancti</span> <span class='ocrx_word' id='word_1_212' title='bbox 999 2679 1095 2757; x_wconf 80' lang='lat' dir='ltr'>Segne</span> <span class='ocrx_word' id='word_1_213' title='bbox 1113 2691 1142 2741; x_wconf 87' lang='lat' dir='ltr'>et</span> <span class='ocrx_word' id='word_1_214' title='bbox 1154 2674 1227 2739; x_wconf 84' lang='lat' dir='ltr'>castri</span> 
     </span>
     <span class='ocr_line' id='line_1_25' title="bbox 142 2768 1227 2853; baseline 0.003 -19"><span class='ocrx_word' id='word_1_215' title='bbox 142 2771 178 2834; x_wconf 94' lang='lat' dir='ltr'>de</span> <span class='ocrx_word' id='word_1_216' title='bbox 193 2771 304 2847; x_wconf 87' lang='lat' dir='ltr'>Blacos,</span> <span class='ocrx_word' id='word_1_217' title='bbox 319 2783 347 2834; x_wconf 93' lang='lat' dir='ltr'>et</span> <span class='ocrx_word' id='word_1_218' title='bbox 356 2791 407 2851; x_wconf 91' lang='lat' dir='ltr'>pro</span> <span class='ocrx_word' id='word_1_219' title='bbox 417 2770 549 2853; x_wconf 88' lang='lat' dir='ltr'>predictis</span> <span class='ocrx_word' id='word_1_220' title='bbox 563 2770 721 2833; x_wconf 89' lang='lat' dir='ltr'>dictadom.</span> <span class='ocrx_word' id='word_1_221' title='bbox 737 2769 859 2833; x_wconf 75' lang='lat' dir='ltr'>Almusia</span> <span class='ocrx_word' id='word_1_222' title='bbox 872 2768 1067 2835; x_wconf 85' lang='lat' dir='ltr'>confitebatur</span> <span class='ocrx_word' id='word_1_223' title='bbox 1076 2794 1109 2837; x_wconf 91' lang='lat' dir='ltr'>se</span> <span class='ocrx_word' id='word_1_224' title='bbox 1125 2788 1227 2838; x_wconf 88' lang='lat' dir='ltr'>conten·</span> 
     </span>
     <span class='ocr_line' id='line_1_26' title="bbox 141 2866 1228 2953; baseline 0.004 -22"><span class='ocrx_word' id='word_1_225' title='bbox 141 2882 198 2931; x_wconf 91' lang='lat' dir='ltr'>tam</span> <span class='ocrx_word' id='word_1_226' title='bbox 216 2887 278 2930; x_wconf 88' lang='lat' dir='ltr'>esse</span> <span class='ocrx_word' id='word_1_227' title='bbox 288 2868 323 2930; x_wconf 92' lang='lat' dir='ltr'>de</span> <span class='ocrx_word' id='word_1_228' title='bbox 342 2868 424 2931; x_wconf 92' lang='lat' dir='ltr'>bonis</span> <span class='ocrx_word' id='word_1_229' title='bbox 439 2868 561 2950; x_wconf 88' lang='lat' dir='ltr'>paternis</span> <span class='ocrx_word' id='word_1_230' title='bbox 575 2881 603 2932; x_wconf 94' lang='lat' dir='ltr'>et</span> <span class='ocrx_word' id='word_1_231' title='bbox 616 2866 780 2931; x_wconf 83' lang='lat' dir='ltr'>lrarechiam</span> <span class='ocrx_word' id='word_1_232' title='bbox 794 2887 873 2931; x_wconf 91' lang='lat' dir='ltr'>suam</span> <span class='ocrx_word' id='word_1_233' title='bbox 884 2868 1018 2931; x_wconf 86' lang='lat' dir='ltr'>habuisse</span> <span class='ocrx_word' id='word_1_234' title='bbox 1033 2869 1074 2934; x_wconf 92' lang='lat' dir='ltr'>de</span> <span class='ocrx_word' id='word_1_235' title='bbox 1091 2871 1173 2935; x_wconf 90' lang='lat' dir='ltr'>bonis</span> <span class='ocrx_word' id='word_1_236' title='bbox 1186 2890 1228 2953; x_wconf 84' lang='lat' dir='ltr'>pa·</span> 
     </span>
     <span class='ocr_line' id='line_1_27' title="bbox 142 2963 438 3029; baseline -0.003 -1"><span class='ocrx_word' id='word_1_237' title='bbox 142 2963 228 3029; x_wconf 86' lang='lat' dir='ltr'>ternis</span> <span class='ocrx_word' id='word_1_238' title='bbox 247 2964 438 3029; x_wconf 78' lang='lat' dir='ltr'>et.matern³s.</span> 
     </span>
    </p>

    <p class='ocr_par' dir='ltr' id='par_1_5' title="bbox 141 3062 1228 3911">
     <span class='ocr_line' id='line_1_28' title="bbox 187 3062 1226 3146; baseline 0.005 -23"><span class='ocrx_word' id='word_1_239' title='bbox 187 3079 272 3141; x_wconf 86' lang='lat'>1442.</span> <span class='ocrx_word' id='word_1_240' title='bbox 287 3068 366 3137; x_wconf 88' lang='lat' dir='ltr'>ltem,</span> <span class='ocrx_word' id='word_1_241' title='bbox 383 3063 469 3145; x_wconf 90' lang='lat' dir='ltr'>quod.</span> <span class='ocrx_word' id='word_1_242' title='bbox 483 3062 521 3125; x_wconf 93' lang='lat' dir='ltr'>al.</span> <span class='ocrx_word' id='word_1_243' title='bbox 531 3063 609 3145; x_wconf 91' lang='lat' dir='ltr'>publ.</span> <span class='ocrx_word' id='word_1_244' title='bbox 623 3063 835 3127; x_wconf 86' lang='lat' dir='ltr'>instrumentum</span> <span class='ocrx_word' id='word_1_245' title='bbox 842 3064 946 3127; x_wconf 83' lang='lat' dir='ltr'>lactum</span> <span class='ocrx_word' id='word_1_246' title='bbox 953 3078 985 3127; x_wconf 89' lang='lat' dir='ltr'>et</span> <span class='ocrx_word' id='word_1_247' title='bbox 994 3065 1142 3146; x_wconf 83' lang='lat' dir='ltr'>signatum</span> <span class='ocrx_word' id='word_1_248' title='bbox 1150 3086 1226 3129; x_wconf 89' lang='lat' dir='ltr'>manu</span> 
     </span>
     <span class='ocr_line' id='line_1_29' title="bbox 143 3157 1227 3245; baseline 0 -20"><span class='ocrx_word' id='word_1_249' title='bbox 143 3157 279 3225; x_wconf 83' lang='lat' dir='ltr'>Guillelmi</span> <span class='ocrx_word' id='word_1_250' title='bbox 292 3160 414 3222; x_wconf 81' lang='lat' dir='ltr'>Arnaudi</span> <span class='ocrx_word' id='word_1_251' title='bbox 427 3161 463 3223; x_wconf 92' lang='lat' dir='ltr'>de</span> <span class='ocrx_word' id='word_1_252' title='bbox 486 3161 623 3225; x_wconf 84' lang='lat' dir='ltr'>Miribello</span> <span class='ocrx_word' id='word_1_253' title='bbox 637 3162 736 3224; x_wconf 89' lang='lat' dir='ltr'>notarii</span> <span class='ocrx_word' id='word_1_254' title='bbox 752 3162 831 3243; x_wconf 87' lang='lat' dir='ltr'>publ.</span> <span class='ocrx_word' id='word_1_255' title='bbox 845 3175 874 3225; x_wconf 89' lang='lat' dir='ltr'>et</span> <span class='ocrx_word' id='word_1_256' title='bbox 887 3160 1039 3243; x_wconf 86' lang='lat' dir='ltr'>sigillatum</span> <span class='ocrx_word' id='word_1_257' title='bbox 1054 3164 1086 3226; x_wconf 92' lang='lat' dir='ltr'>in</span> <span class='ocrx_word' id='word_1_258' title='bbox 1101 3164 1227 3245; x_wconf 88' lang='lat' dir='ltr'>pendenti</span> 
     </span>
     <span class='ocr_line' id='line_1_30' title="bbox 141 3256 1225 3339; baseline 0.005 -21"><span class='ocrx_word' id='word_1_259' title='bbox 141 3256 231 3338; x_wconf 85' lang='lat' dir='ltr'>sigillo</span> <span class='ocrx_word' id='word_1_260' title='bbox 244 3257 316 3319; x_wconf 73' lang='lat' dir='ltr'>dom‘</span> <span class='ocrx_word' id='word_1_261' title='bbox 331 3257 482 3339; x_wconf 81' lang='lat' dir='ltr'>Dragoneti</span> <span class='ocrx_word' id='word_1_262' title='bbox 497 3257 600 3320; x_wconf 91' lang='lat' dir='ltr'>domini</span> <span class='ocrx_word' id='word_1_263' title='bbox 613 3258 831 3335; x_wconf 81' lang='lat' dir='ltr'>Montislllbani,</span> <span class='ocrx_word' id='word_1_264' title='bbox 844 3257 896 3321; x_wconf 93' lang='lat' dir='ltr'>sub</span> <span class='ocrx_word' id='word_1_265' title='bbox 905 3278 981 3322; x_wconf 91' lang='lat' dir='ltr'>anno</span> <span class='ocrx_word' id='word_1_266' title='bbox 993 3266 1225 3335; x_wconf 73' lang='lat' dir='ltr'>nr⁰cc⁰uxx11⁰,</span> 
     </span>
     <span class='ocr_line' id='line_1_31' title="bbox 141 3353 1228 3443; baseline 0.005 -26"><span class='ocrx_word' id='word_1_267' title='bbox 141 3356 204 3439; x_wconf 80' lang='lat' dir='ltr'>idus</span> <span class='ocrx_word' id='word_1_268' title='bbox 216 3356 320 3438; x_wconf 87' lang='lat' dir='ltr'>aprilis,</span> <span class='ocrx_word' id='word_1_269' title='bbox 333 3356 478 3419; x_wconf 87' lang='lat' dir='ltr'>continens</span> <span class='ocrx_word' id='word_1_270' title='bbox 492 3357 568 3438; x_wconf 93' lang='lat' dir='ltr'>quod</span> <span class='ocrx_word' id='word_1_271' title='bbox 585 3358 664 3419; x_wconf 71' lang='lat' dir='ltr'>doma</span> <span class='ocrx_word' id='word_1_272' title='bbox 684 3357 783 3419; x_wconf 85' lang='lat' dir='ltr'>sancia</span> <span class='ocrx_word' id='word_1_273' title='bbox 797 3375 867 3419; x_wconf 83' lang='lat' dir='ltr'>uxor</span> <span class='ocrx_word' id='word_1_274' title='bbox 887 3353 1008 3419; x_wconf 90' lang='lat' dir='ltr'>condam</span> <span class='ocrx_word' id='word_1_275' title='bbox 1023 3356 1105 3431; x_wconf 86' lang='lat' dir='ltr'>dom¹</span> <span class='ocrx_word' id='word_1_276' title='bbox 1120 3366 1228 3443; x_wconf 78' lang='lat' dir='ltr'>Reyne·</span> 
     </span>
     <span class='ocr_line' id='line_1_32' title="bbox 142 3453 1228 3531; baseline 0.004 -16"><span class='ocrx_word' id='word_1_277' title='bbox 142 3453 175 3516; x_wconf 91' lang='lat' dir='ltr'>rii</span> <span class='ocrx_word' id='word_1_278' title='bbox 189 3453 224 3515; x_wconf 95' lang='lat' dir='ltr'>de</span> <span class='ocrx_word' id='word_1_279' title='bbox 238 3454 348 3516; x_wconf 88' lang='lat' dir='ltr'>Coardo</span> <span class='ocrx_word' id='word_1_280' title='bbox 358 3468 386 3516; x_wconf 91' lang='lat' dir='ltr'>et</span> <span class='ocrx_word' id='word_1_281' title='bbox 400 3454 500 3517; x_wconf 89' lang='lat' dir='ltr'>nobilis</span> <span class='ocrx_word' id='word_1_282' title='bbox 515 3454 677 3518; x_wconf 88' lang='lat' dir='ltr'>domicellus</span> <span class='ocrx_word' id='word_1_283' title='bbox 691 3453 830 3531; x_wconf 83' lang='lat' dir='ltr'>Giraudus</span> <span class='ocrx_word' id='word_1_284' title='bbox 846 3453 977 3517; x_wconf 89' lang='lat' dir='ltr'>dominus</span> <span class='ocrx_word' id='word_1_285' title='bbox 988 3454 1025 3517; x_wconf 90' lang='lat' dir='ltr'>de</span> <span class='ocrx_word' id='word_1_286' title='bbox 1040 3462 1157 3519; x_wconf 88' lang='lat' dir='ltr'>Gusans</span> <span class='ocrx_word' id='word_1_287' title='bbox 1166 3476 1228 3521; x_wconf 79' lang='lat' dir='ltr'>con</span> 
     </span>
     <span class='ocr_line' id='line_1_33' title="bbox 141 3550 1228 3634; baseline 0.004 -21"><span class='ocrx_word' id='word_1_288' title='bbox 141 3550 395 3615; x_wconf 89' lang='lat' dir='ltr'>fitebanturcoram</span> <span class='ocrx_word' id='word_1_289' title='bbox 408 3553 470 3634; x_wconf 90' lang='lat' dir='ltr'>ipso</span> <span class='ocrx_word' id='word_1_290' title='bbox 487 3552 563 3615; x_wconf 93' lang='lat' dir='ltr'>dom.</span> <span class='ocrx_word' id='word_1_291' title='bbox 589 3560 760 3633; x_wconf 83' lang='lat' dir='ltr'>Dragoneto,</span> <span class='ocrx_word' id='word_1_292' title='bbox 788 3551 865 3634; x_wconf 91' lang='lat' dir='ltr'>quod</span> <span class='ocrx_word' id='word_1_293' title='bbox 878 3551 938 3633; x_wconf 91' lang='lat' dir='ltr'>ipsa</span> <span class='ocrx_word' id='word_1_294' title='bbox 950 3551 1031 3615; x_wconf 92' lang='lat' dir='ltr'>dom.</span> <span class='ocrx_word' id='word_1_295' title='bbox 1048 3555 1152 3619; x_wconf 88' lang='lat' dir='ltr'>Sansia</span> <span class='ocrx_word' id='word_1_296' title='bbox 1167 3574 1228 3617; x_wconf 77' lang='lat' dir='ltr'>seu</span> 
     </span>
     <span class='ocr_line' id='line_1_34' title="bbox 142 3648 1228 3729; baseline 0.006 -19"><span class='ocrx_word' id='word_1_297' title='bbox 142 3649 250 3712; x_wconf 91' lang='lat' dir='ltr'>diderat</span> <span class='ocrx_word' id='word_1_298' title='bbox 262 3649 336 3712; x_wconf 86' lang='lat' dir='ltr'>dicto</span> <span class='ocrx_word' id='word_1_299' title='bbox 352 3649 475 3711; x_wconf 85' lang='lat' dir='ltr'>Giraudo</span> <span class='ocrx_word' id='word_1_300' title='bbox 492 3649 643 3711; x_wconf 89' lang='lat' dir='ltr'>dominium</span> <span class='ocrx_word' id='word_1_301' title='bbox 664 3663 692 3713; x_wconf 92' lang='lat' dir='ltr'>et</span> <span class='ocrx_word' id='word_1_302' title='bbox 705 3648 920 3728; x_wconf 85' lang='lat' dir='ltr'>juridictionem,</span> <span class='ocrx_word' id='word_1_303' title='bbox 942 3648 1088 3729; x_wconf 87' lang='lat' dir='ltr'>homines,</span> <span class='ocrx_word' id='word_1_304' title='bbox 1116 3653 1228 3717; x_wconf 87' lang='lat' dir='ltr'>servicia</span> 
     </span>
     <span class='ocr_line' id='line_1_35' title="bbox 142 3745 1226 3829; baseline 0.006 -24"><span class='ocrx_word' id='word_1_305' title='bbox 142 3758 171 3806; x_wconf 90' lang='lat' dir='ltr'>et</span> <span class='ocrx_word' id='word_1_306' title='bbox 184 3745 309 3807; x_wconf 90' lang='lat' dir='ltr'>redditus</span> <span class='ocrx_word' id='word_1_307' title='bbox 331 3760 359 3809; x_wconf 90' lang='lat' dir='ltr'>et</span> <span class='ocrx_word' id='word_1_308' title='bbox 375 3747 506 3829; x_wconf 91' lang='lat' dir='ltr'>quicquid</span> <span class='ocrx_word' id='word_1_309' title='bbox 523 3748 582 3829; x_wconf 89' lang='lat' dir='ltr'>ipsa</span> <span class='ocrx_word' id='word_1_310' title='bbox 598 3748 709 3811; x_wconf 89' lang='lat' dir='ltr'>domina</span> <span class='ocrx_word' id='word_1_311' title='bbox 731 3748 853 3810; x_wconf 87' lang='lat' dir='ltr'>habebat</span> <span class='ocrx_word' id='word_1_312' title='bbox 874 3747 903 3809; x_wconf 91' lang='lat' dir='ltr'>in</span> <span class='ocrx_word' id='word_1_313' title='bbox 919 3760 1014 3809; x_wconf 90' lang='lat' dir='ltr'>castro</span> <span class='ocrx_word' id='word_1_314' title='bbox 1038 3763 1071 3811; x_wconf 92' lang='lat' dir='ltr'>et</span> <span class='ocrx_word' id='word_1_315' title='bbox 1091 3750 1226 3815; x_wconf 87' lang='lat' dir='ltr'>territorio</span> 
     </span>
     <span class='ocr_line' id='line_1_36' title="bbox 142 3840 1227 3911; baseline 0.011 -11"><span class='ocrx_word' id='word_1_316' title='bbox 142 3840 178 3901; x_wconf 92' lang='lat' dir='ltr'>de</span> <span class='ocrx_word' id='word_1_317' title='bbox 190 3841 344 3904; x_wconf 90' lang='lat' dir='ltr'>Vinsobriis</span> <span class='ocrx_word' id='word_1_318' title='bbox 354 3857 382 3905; x_wconf 89' lang='lat' dir='ltr'>et</span> <span class='ocrx_word' id='word_1_319' title='bbox 391 3845 552 3906; x_wconf 88' lang='lat' dir='ltr'>nominatim</span> <span class='ocrx_word' id='word_1_320' title='bbox 567 3845 734 3907; x_wconf 88' lang='lat' dir='ltr'>territorium</span> <span class='ocrx_word' id='word_1_321' title='bbox 749 3858 778 3907; x_wconf 87' lang='lat' dir='ltr'>et</span> <span class='ocrx_word' id='word_1_322' title='bbox 787 3857 976 3907; x_wconf 90' lang='lat' dir='ltr'>tenementum</span> <span class='ocrx_word' id='word_1_323' title='bbox 992 3848 1094 3909; x_wconf 88' lang='lat' dir='ltr'>Sancti</span> <span class='ocrx_word' id='word_1_324' title='bbox 1109 3846 1227 3911; x_wconf 81' lang='lat' dir='ltr'>mauricii</span> 
     </span>
    </p>
   </div>
   <div class='ocr_carea' id='block_1_3' title="bbox 143 3930 1229 4219">
    <p class='ocr_par' dir='ltr' id='par_1_6' title="bbox 143 3930 1229 4219">
     <span class='ocr_line' id='line_1_37' title="bbox 143 3930 1228 4029; baseline 0.01 -30"><span class='ocrx_word' id='word_1_325' title='bbox 143 3956 206 3999; x_wconf 89' lang='lat' dir='ltr'>curn</span> <span class='ocrx_word' id='word_1_326' title='bbox 221 3937 278 4000; x_wconf 88' lang='lat' dir='ltr'>suis</span> <span class='ocrx_word' id='word_1_327' title='bbox 293 3940 480 4019; x_wconf 87' lang='lat' dir='ltr'>pertinenciis,</span> <span class='ocrx_word' id='word_1_328' title='bbox 503 3943 578 4025; x_wconf 93' lang='lat' dir='ltr'>quod</span> <span class='ocrx_word' id='word_1_329' title='bbox 595 3943 764 4006; x_wconf 87' lang='lat' dir='ltr'>territorium</span> <span class='ocrx_word' id='word_1_330' title='bbox 790 3930 984 4006; x_wconf 77' lang='lat' dir='ltr'>confrontatui</span> <span class='ocrx_word' id='word_1_331' title='bbox 1010 3962 1079 4007; x_wconf 88' lang='lat' dir='ltr'>cum</span> <span class='ocrx_word' id='word_1_332' title='bbox 1114 3944 1228 4029; x_wconf 80' lang='lat' dir='ltr'>rippen&#39;u</span> 
     </span>
     <span class='ocr_line' id='line_1_38' title="bbox 144 4033 1229 4122; baseline 0.011 -27"><span class='ocrx_word' id='word_1_333' title='bbox 144 4033 239 4097; x_wconf 84' lang='lat' dir='ltr'>Ecaris</span> <span class='ocrx_word' id='word_1_334' title='bbox 257 4048 363 4099; x_wconf 90' lang='lat' dir='ltr'>etcum</span> <span class='ocrx_word' id='word_1_335' title='bbox 379 4039 424 4101; x_wconf 90' lang='lat' dir='ltr'>via</span> <span class='ocrx_word' id='word_1_336' title='bbox 437 4040 547 4122; x_wconf 92' lang='lat' dir='ltr'>publica</span> <span class='ocrx_word' id='word_1_337' title='bbox 568 4061 623 4122; x_wconf 88' lang='lat' dir='ltr'>qua</span> <span class='ocrx_word' id='word_1_338' title='bbox 637 4041 692 4103; x_wconf 90' lang='lat' dir='ltr'>itur</span> <span class='ocrx_word' id='word_1_339' title='bbox 708 4041 744 4103; x_wconf 93' lang='lat' dir='ltr'>de</span> <span class='ocrx_word' id='word_1_340' title='bbox 759 4040 892 4105; x_wconf 88' lang='lat' dir='ltr'>Varriaco</span> <span class='ocrx_word' id='word_1_341' title='bbox 903 4058 1004 4105; x_wconf 86' lang='lat' dir='ltr'>versus</span> <span class='ocrx_word' id='word_1_342' title='bbox 1021 4043 1189 4122; x_wconf 86' lang='lat' dir='ltr'>Vasionem,</span> <span class='ocrx_word' id='word_1_343' title='bbox 1204 4055 1229 4107; x_wconf 86' lang='lat' dir='ltr'>et</span> 
     </span>
     <span class='ocr_line' id='line_1_39' title="bbox 143 4130 1229 4219; baseline 0.006 -23"><span class='ocrx_word' id='word_1_344' title='bbox 143 4130 178 4196; x_wconf 92' lang='lat' dir='ltr'>ab</span> <span class='ocrx_word' id='word_1_345' title='bbox 192 4131 245 4195; x_wconf 92' lang='lat' dir='ltr'>alia</span> <span class='ocrx_word' id='word_1_346' title='bbox 268 4146 347 4214; x_wconf 92' lang='lat' dir='ltr'>parte</span> <span class='ocrx_word' id='word_1_347' title='bbox 364 4155 427 4198; x_wconf 92' lang='lat' dir='ltr'>cum</span> <span class='ocrx_word' id='word_1_348' title='bbox 452 4137 507 4199; x_wconf 92' lang='lat' dir='ltr'>alio</span> <span class='ocrx_word' id='word_1_349' title='bbox 522 4137 662 4201; x_wconf 86' lang='lat' dir='ltr'>territorio</span> <span class='ocrx_word' id='word_1_350' title='bbox 684 4138 721 4203; x_wconf 89' lang='lat' dir='ltr'>de</span> <span class='ocrx_word' id='word_1_351' title='bbox 737 4136 892 4203; x_wconf 90' lang='lat' dir='ltr'>Vinsobriis</span> <span class='ocrx_word' id='word_1_352' title='bbox 905 4150 935 4201; x_wconf 90' lang='lat' dir='ltr'>et</span> <span class='ocrx_word' id='word_1_353' title='bbox 951 4138 1048 4219; x_wconf 81' lang='lat' dir='ltr'>Sancti</span> <span class='ocrx_word' id='word_1_354' title='bbox 1065 4141 1194 4207; x_wconf 83' lang='lat' dir='ltr'>Mauricii</span> <span class='ocrx_word' id='word_1_355' title='bbox 1204 4152 1229 4203; x_wconf 90' lang='lat' dir='ltr'>et</span> 
     </span>
    </p>
   </div>
   <div class='ocr_carea' id='block_1_4' title="bbox 0 0 1371 4784">
    <p class='ocr_par' dir='ltr' id='par_1_7' title="bbox 0 0 1371 4784">
     <span class='ocr_line' id='line_1_40' title="bbox 0 0 1371 4784; baseline 0 0"><span class='ocrx_word' id='word_1_356' title='bbox 0 0 1371 4784; x_wconf 95' lang='lat' dir='ltr'> </span> 
     </span>
    </p>
   </div>
  </div>
 </body>
</html>
