2716 4784
578 411 749 503 ⁴-99-

168 574 238 636 499.
259 562 292 618 Er
310 556 339 616 in
355 556 450 637 primis
467 570 577 637 reperte
593 558 704 620 luerunt
717 558 745 618 in
766 557 846 619 dictis
859 557 1047 620 instrumentis
1061 571 1089 621 et
1104 558 1206 620 litteris

129 652 249 732 quedam
265 652 360 714 lictere
379 653 481 733 scripte
497 672 570 714 anno
584 653 621 715 ab
641 655 838 716 incarnacione
855 655 964 716 Domini
984 663 1026 716 Μο
1041 661 1086 717 CC
1101 659 1203 731 XXXI,

129 748 216 810 tercio
229 749 364 811 kalendas
376 749 517 824 febroarii,
534 750 670 831 Gregorio
686 770 761 813 nono
777 771 860 832 papa,
878 751 1004 813 Fredelio
1019 758 1206 814 Romanomm

131 844 299 927 imperatore
322 845 515 921 existentibus,
541 847 657 927 sigillate
682 867 732 909 sex
750 847 845 928 sigilhs
861 861 889 910 et
909 848 968 911 aliis
988 868 1038 910 sex
1062 849 1162 930 sigillis'
1176 862 1206 911 ut

132 1039 164 1102 de
186 1042 361 1104 Brianczono
380 1055 408 1104 et
428 1042 589 1125 Eymericus
610 1042 645 1103 de
663 1042 836 1104 Brianczono
851 1061 917 1105 suus
928 1041 999 1104 filius
1018 1061 1207 1123 recognosce-

132 1135 195 1200 bant
218 1159 249 1201 se
270 1152 367 1202 tenere
384 1161 399 1202 a
419 1140 498 1201 dom⁰
518 1141 629 1202 Andrea
652 1139 783 1220 dalphino
802 1153 892 1201 castra
916 1140 951 1200 de
969 1140 1100 1202 'terracia
1123 1154 1151 1202 et
1170 1140 1206 1202 de

131 1235 221 1312 Geria,
239 1255 303 1299 cum
316 1236 517 1300 mandamentis
539 1251 566 1299 et
581 1236 728 1298 territoriis
742 1237 897 1312 reddibilia,
914 1237 965 1299 sub
985 1237 1120 1318 homagiis
1134 1237 1206 1319 ligiis

132 1348 155 1394 er
178 1334 232 1396 sub
259 1333 384 1414 pluribus
411 1333 586 1417 pactionibus
611 1347 639 1396 et
664 1333 895 1397 conventionibus
918 1335 1056 1398 contentis
1083 1334 1112 1397 in
1138 1335 1206 1417 ipsis
1292 1391 1293 1394 ,

129 1428 242 1493 litteris.
778 1480 781 1490 .
1197 1480 1199 1484 .

169 1547 238 1609 500.
258 1533 325 1589 item
342 1528 454 1590 luerunt
468 1541 577 1610 reperte
589 1527 673 1608 qued.
685 1527 737 1589 alie
748 1526 843 1590 lictere
856 1527 1029 1590 continentes
1038 1527 1113 1609 quod
1126 1527 1203 1589 dom.

125 1624 292 1706 Eymericus
314 1624 349 1686 de
373 1625 545 1687 Brianczono
561 1623 725 1705 recognovit
747 1642 777 1685 se
796 1638 892 1686 tenere
911 1624 939 1685 in
962 1624 1075 1687 feudum
1093 1646 1109 1686 a
1128 1626 1206 1687 dom⁰

121 1722 239 1784 Andrea
257 1721 387 1802 dalphino
402 1722 532 1803 quicquid
547 1722 631 1783 habet
648 1722 676 1782 in
697 1734 787 1782 castro
803 1735 830 1783 et
848 1721 1043 1785 mandamento
1064 1723 1099 1785 de
1118 1723 1207 1785 Bella-

119 1817 239 1895 comba‚
259 1837 313 1898 que
329 1818 424 1880 lictere
439 1819 555 1898 sigillare
577 1832 641 1880 sunt
659 1817 778 1898 quinque
798 1817 892 1898 sigillis
914 1831 942 1880 et
958 1819 1060 1899 scripte
1079 1838 1153 1881 anno
1169 1819 1205 1881 ab

118 1918 273 1978 incarnac.
288 1915 341 1977 Drii
354 1921 442 1978 M⁰CC
458 1922 584 1989 XXXVI,
599 1934 647 1976 xvr
661 1914 774 1976 kalend.
787 1914 906 1996 augusti.

119 2037 122 2040 ⁴
164 2031 237 2094 50¹·
257 2019 335 2087 ltem,
349 2013 433 2094 qued.
451 2013 540 2075 littere
555 2013 672 2094 sigillare
689 2033 738 2075 sex
754 2013 848 2094 sigillis
864 2013 892 2075 in
909 2013 1039 2095 pendenti
1056 2027 1084 2075 et
1103 2011 1205 2092 scripte

117 2111 167 2172 die
179 2109 280 2171 martis
294 2124 359 2191 post
372 2110 563 2173 inventionem
576 2117 677 2173 Sancte
688 2109 796 2187 Crucis,
811 2129 884 2172 anno
899 2111 953 2173 Dr‘ti
965 2112 1202 2184 M⁰1101111¹X1X⁰,

117 2208 303 2270 continentes
323 2208 552 2287 permutationem
576 2207 676 2269 factam
694 2225 745 2288 per
765 2208 940 2288 Eymericum
961 2209 996 2270 de
1020 2208 1209 2281 Brianczone,

117 2306 154 2369 de
172 2318 272 2368 castro
290 2305 366 2367 Belle
382 2304 500 2382 Comba,
517 2324 579 2367 cum
594 2305 673 2366 dom⁰
689 2305 842 2367 Humberto
858 2305 988 2386 dalphino
999 2320 1027 2368 et
1039 2307 1117 2368 doma
1127 2310 1206 2366 Anna

117 2404 184 2483 ejus
211 2415 354 2478 consorte,
380 2421 431 2482 pro
454 2416 545 2463 castro
568 2400 603 2463 de
629 2401 736 2477 Varsia,
759 2415 787 2463 et
808 2402 965 2483 homagium
990 2403 1133 2482 prestitum
1156 2419 1207 2481 per

117 2497 218 2580 ipsum
241 2498 416 2580 hymericum
431 2497 505 2561 dicto
524 2497 601 2560 dom.
624 2497 755 2579 dalphino
776 2517 827 2577 pro
845 2497 920 2560 dicto
939 2512 1031 2560 castro
1048 2498 1083 2560 de
1096 2496 1203 2571 Varsia,

117 2597 154 2660 de
171 2595 296 2676 Aybeno
310 2609 338 2657 et
352 2595 452 2656 Geria.

166 2710 238 2774 50²·
260 2698 339 2765 ltem,
356 2691 441 2772 qued.
462 2691 514 2755 alie
530 2692 620 2754 littere
639 2691 703 2752 date
720 2690 925 2771 Grationopolis
939 2688 984 2751 die
1001 2676 1107 2752 lune'in
1128 2707 1208 2750 cras-

117 2793 215 2855 tinum
237 2789 319 2851 beate
332 2789 427 2870 ‘Marie
448 2787 636 2869 Magdalenes,
658 2807 731 2848 anno
750 2787 804 2849 Diri
827 2789 1010 2863 M011‘2X0010,
1033 2786 1207 2849 continentes

117 2887 216 2950 eciam
238 2885 474 2965 permutationem
494 2885 593 2947 factam
618 2903 668 2965 per
691 2884 797 2946 nobiles
820 2883 958 2960 odonem,
984 2883 1158 2946 Guillelmum
1180 2895 1208 2945 et

117 2994 297 3070 hymonem,
319 2981 390 3045 filios
410 2982 546 3065 Eymerici
570 2982 605 3044 de
627 2982 810 3058 Brianczone,
835 2982 870 3044 de
890 2996 982 3045 castro
1003 2983 1078 3045 Belle
1100 2980 1206 3044 Combe

117 3103 190 3147 curn
205 3094 300 3143 castro
314 3081 349 3144 de
365 3080 472 3154 Varsia,
487 3080 565 3141 dom⁰
579 3079 709 3160 dalphino
723 3092 750 3142 et
763 3080 987 3161 recognicionem
1002 3094 1156 3144 castrorum
1171 3079 1207 3140 de

120 3181 238 3258 Varsia,
256 3181 290 3242 de
303 3180 420 3263 Aybeno
437 3192 465 3241 et
479 3179 514 3241 de
530 3180 623 3241 Geria.
1184 3201 1186 3205 ·
1248 3253 1250 3261 J

170 3298 241 3361 503.
261 3286 339 3354 Item,
358 3277 464 3359 quodd.
484 3277 624 3358 publicum
648 3277 858 3339 instrumentum
879 3278 1010 3357 scriptum
1030 3296 1113 3340 manu
1132 3283 1210 3337 Hun-

124 3378 201 3442 berti
218 3375 300 3438 Pilati
314 3375 413 3437 notarii
429 3373 542 3455 publici,
564 3374 615 3435 sub
636 3393 709 3436 anno
724 3375 778 3436 orti
794 3377 1063 3450 M01110XXX111110,
1082 3373 1127 3436 die
1146 3385 1209 3434 rur

127 3474 233 3538 mensis
254 3471 361 3553 aprilis,
383 3471 528 3535 continens
551 3471 708 3551 homagium
731 3471 874 3551 prestitum
898 3490 948 3551 per
973 3470 1147 3531 Guillelmum
1171 3468 1207 3530 de

129 3570 230 3636 croilis
252 3569 287 3633 de
308 3569 432 3632 Avalone
455 3582 483 3631 et
504 3568 651 3631 terminum
669 3568 867 3649 assiguacionis
891 3567 926 3628 ad
950 3566 1207 3647 recognoscendum

131 3670 184 3749 jam
200 3668 338 3748 elapsum.

173 3782 241 3846 504.
267 3770 346 3838 ltem,
371 3761 456 3842 quod.
480 3761 557 3841 publ.
583 3761 793 3823 instrumentum
814 3761 946 3840 scriptum
969 3779 1052 3821 manu
1076 3760 1210 3841 Guigonis
1287 3774 1288 3779 ’

131 3857 287 3931 Frumenti,
313 3857 364 3919 sub
387 3875 460 3918 anno
485 3857 538 3918 Diri
561 3859 816 3933 M⁰111⁶XXXllll⁰,
841 3856 885 3918 die
904 3871 943 3918 κε
959 3858 1061 3921 mensis
1081 3858 1209 3938 januarii,

128 3956 279 4020 continens
290 3953 449 4035 homagium
463 3953 557 4034 ligium
569 3954 711 4034 prestitum
729 3974 778 4035 per
792 3955 947 4034 Guigonem
962 3954 1047 4018 Chala
1061 3955 1211 4018 Cumillio-

128 4055 172 4116 nis
187 4052 270 4114 dom⁰
284 4051 415 4132 dalphino
430 4065 457 4114 et
469 4051 616 4113 terminum
632 4051 675 4131 <ut
693 4052 772 4132 503).

175 4167 243 4229 505.
270 4155 351 4224 Item,
377 4148 462 4229 quod.
490 4148 566 4229 publ.
595 4147 806 4211 instrumentum
829 4147 961 4229 scriptum
989 4169 1071 4211 manu
1100 4147 1209 4211 Martini
