2716 4784
602 432 759 490 ,70-

146 549 209 630 gula
223 566 277 628 que
291 547 380 610 dictus
394 547 470 609 dom.
494 546 663 608 Bertrandus
683 547 729 607 vel
749 544 818 607 alius
846 563 897 624 pro
924 563 959 605 eo
985 543 1084 618 habet,
1100 557 1177 605 tenet
1193 559 1217 605 et

145 643 269 725 possidet
281 643 309 704 in
322 658 424 718 castro,
455 643 661 718 mandamento,
690 641 815 704 districtu
836 654 865 703 et
879 639 1021 708 territorio
1037 639 1165 716 Cabeoli‚
1177 640 1217 701 ni·

144 742 308 804 chilominus
318 742 407 822 ipsum
421 741 496 803 dom.
521 740 704 801 Bertrandum
715 739 804 801 teneri
818 752 846 800 et
862 737 976 813 debere,
993 736 1023 799 in
1036 756 1106 799 casu
1118 737 1147 799 in
1167 757 1215 818 qno

145 839 249 901 dictum
275 852 395 900 castrum
425 836 537 899 Cabeoli
563 855 613 916 per
633 848 835 916 quemcumque
856 833 1033 897 obsideretur
1059 835 1107 895 uel
1133 833 1214 896 obsidi

148 946 317 1014 speraretur,
337 933 440 994 intrare
456 932 637 1013 personaliter
652 932 719 994 dict.
736 945 856 994 castrum
870 928 984 992 Cabeoli
996 949 1064 992 cum
1077 930 1163 992 armis
1171 929 1214 993 sibi

146 1030 320 1106 decentibus,
333 1044 361 1092 et
372 1030 518 1109 termiqum
535 1029 578 1109 (ut
592 1029 672 1110 342).
687 1071 694 1081 ·

191 1168 256 1230 354.
274 1158 352 1226 Item,
365 1150 450 1232 quod.
472 1150 549 1231 publ.
571 1150 781 1212 instrumentum
810 1150 853 1230 (ιιι
869 1149 949 1231 352),
970 1147 1123 1211 continens
1149 1149 1213 1229 quod

146 1247 286 1308 Iohannes
316 1246 402 1308 Ginni
425 1247 460 1307 de
485 1253 577 1308 Sonna
603 1246 767 1327 recognovit
796 1265 826 1308 se
843 1265 904 1311 esse
920 1246 1062 1308 hominem
1077 1245 1172 1326 ligium
1185 1245 1212 1306 de

148 1361 267 1424 persona
284 1341 437 1423 magnificis
455 1342 506 1404 viri
523 1342 598 1404 dom.
617 1342 761 1404 Humberti
776 1343 896 1424 dalphini
910 1342 1079 1405 Viennensis
1094 1356 1125 1405 et
1136 1342 1212 1405 eidem

148 1437 306 1518 homagium
323 1457 385 1499 cum
401 1438 554 1516 juramento
567 1438 661 1501 debito
676 1438 804 1520 prestitit,
821 1453 849 1502 et
867 1439 917 1501 fuit
930 1437 983 1501 sibi
997 1438 1059 1502 dies
1080 1439 1213 1520 adsignata

148 1535 183 1595 ad
196 1534 396 1614 particulariter
408 1535 664 1616 recognoscendum
677 1554 709 1597 ea
723 1555 777 1617 que
790 1549 866 1598 tenet
883 1555 899 1596 a
912 1534 1027 1596 domino
1056 1548 1089 1597 et
1099 1534 1151 1597 suit
1163 1553 1213 1616 pro

55 1660 59 1677 ι
148 1642 264 1691 testatus
278 1648 329 1710 per
342 1629 408 1692 dict.
425 1630 566 1693 dominum
579 1632 615 1694 de
628 1631 688 1711 jure
704 1651 765 1693 suo.

192 1761 258 1824 355.
279 1750 357 1820 Item,
374 1745 458 1825 qued.
482 1745 571 1808 littere
598 1745 700 1826 scripte
723 1744 774 1809 sub
793 1764 865 1807 anno
886 1744 940 1806 oni
964 1751 1210 1820 M⁰CC⁰LXXIIII⁰,

148 1840 321 1904 continentes
334 1843 473 1923 quandam
494 1843 728 1923 composicionem
754 1843 854 1905 factam
871 1843 942 1905 inter
963 1843 1042 1905 dom.
1072 1844 1210 1917 Silvonem,

149 1938 290 2000 dominum
303 1939 338 2000 de
356 1939 511 2022 Clayriaco,
527 1954 555 2001 et
571 1941 647 2002 dom.
666 1939 853 2018 Lambertum,
867 1940 1010 2003 dominum
1031 1940 1068 2003 de
1084 1940 1209 2013 Scabiolo,

149 2054 233 2114 super
247 2035 320 2096 facto
339 2035 518 2098 Pissansiani.

194 2146 259 2226 356.
279 2153 346 2209 Item
349 2148 454 2229 ,.qued
470 2149 559 2211 httera
571 2150 691 2230 quodam
702 2149 806 2230 srgrllo
799 2169 827 2212 m
836 2150 967 2236 pendenn
977 2149 1112 2230 sigillata
1127 2149 1211 2229 scrIpu

152 2242 204 2306 sub
221 2262 294 2305 anno
313 2244 366 2305 uni
384 2252 410 2306 II
414 2251 562 2322 ⁰,CC0LII0
595 2246 738 2308 continens
763 2247 837 2327 quod
864 2246 940 2308 dom.
963 2246 1051 2309 Folco
1061 2247 1103 2310 de
1128 2254 1211 2309 Saucto

90 2345 92 2348 ’
151 2340 272 2422 Georgio
291 2341 424 2422 obligavit
441 2341 519 2403 dom0
534 2341 654 2423 Guigoni
682 2342 812 2423 dalphmo
839 2342 999 2419 Viennensi,
1030 2362 1084 2424 pro
1108 2351 1130 2405 C
1153 2340 1212 2405 libris

149 2439 299 2515 viennen,
315 2440 375 2519 jura
385 2440 513 2502 universa
527 2459 581 2520 que
594 2439 715 2502 habebat
724 2439 751 2501 in
766 2439 869 2523 poypia
884 2440 919 2502 de
933 2445 1038 2503 Sancto
1058 2440 1178 2522 Georgio
1190 2450 1211 2500 et

148 2535 176 2597 in
191 2536 318 2598 Cornatis
334 2555 397 2597 cum
412 2536 577 2616 quibusdam
586 2536 655 2599 aliis.

191 2669 257 2731 357.
277 2658 355 2728 Item,
371 2653 457 2733 quod.
476 2652 686 2714 instrumentum
701 2652 778 2732 publ.
795 2653 926 2733 scriptum
941 2670 1027 2714 manu
1041 2653 1210 2717 Petrichu-

149 2748 201 2811 rini
218 2749 317 2811 notarii
331 2749 422 2830 pubI.,
437 2749 489 2810 sub
505 2768 578 2812 anno
597 2749 650 2811 oni
672 2755 860 2825 II⁰CC⁰LIIV,
880 2748 976 2811 indict.
991 2763 1068 2826 vura,
1092 2750 1139 2815 dio
1161 2762 1210 2811 uu

150 2845 252 2907 mensis
265 2846 386 2926 augusti,
408 2846 552 2908 continens
575 2846 798 2927 recognicionem
826 2847 925 2909 factam
945 2865 994 2927 per
1010 2847 1092 2910 dom.
1110 2845 1211 2911 Guillel-

149 2961 223 3002 mum
239 2941 275 3003 de
286 2941 363 3003 Illino
377 2955 404 3003 et
416 2942 552 3005 Secletum
568 2943 627 3021 ejus
643 2955 772 3024 nepotem
795 2943 873 3005 dom⁰
889 2943 1008 3023 Guigoni
1030 2944 1172 3026 delphino,
1183 2941 1211 3002 de

149 3036 297 3098 medietate
313 3057 364 3118 pro
380 3038 498 3100 indiviso
514 3039 598 3101 castri
620 3039 656 3100 de
667 3039 744 3101 Illino
761 3053 789 3102 et
803 3039 867 3102 inde
879 3040 952 3101 idem
965 3040 1045 3103 dom.
1065 3041 1211 3104 Guillelmus

150 3133 249 3212 eteius
278 3154 365 3216 nepos
395 3137 574 3217 prestiterunt
599 3137 689 3199 eidem
704 3137 780 3199 dom.
796 3137 915 3218 Guigoni
929 3137 1092 3218 homagium
1106 3138 1208 3220 ligium3

148 3231 213 3293 item
229 3231 376 3295 confitetur
405 3234 492 3296 eciam
521 3227 595 3297 idem
626 3234 702 3295 dom.
717 3233 878 3296 Guillelmus
890 3234 925 3295 de
941 3234 1020 3296 Illino
1035 3249 1064 3297 et
1076 3237 1163 3297 eciam
1174 3251 1211 3295 re·

149 3329 293 3411 cognoscit
320 3330 409 3392 eidem
423 3331 501 3392 dom⁰
518 3331 675 3411 Guigoni...
700 3351 730 3394 se
743 3331 847 3394 habere
859 3345 887 3394 et
899 3345 995 3394 tenere
1009 3332 1039 3394 in
1058 3333 1172 3397 feudum
1190 3341 1214 3394 et

149 3428 261 3490 nomine
275 3429 349 3489 feudi
361 3429 396 3490 ab
410 3428 521 3509 ipso...,
536 3429 620 3490 videl.
643 3443 762 3491 castrum
777 3418 827 3492 seu
842 3430 980 3493 bastidam
994 3431 1102 3495 Montis
1128 3437 1217 3497 mnu

45 3523 48 3529 '
149 3524 184 3586 de
198 3525 300 3599 costis,
329 3539 357 3588 et
382 3525 456 3606 quod
479 3525 568 3633 ipsum
599 3538 719 3600 castrum
739 3545 789 3587 seu
802 3526 938 3588 bastidam
952 3539 1066 3588 tenetur
1080 3527 1136 3609 ipsi
1148 3527 1213 3593 dum.

150 3622 269 3701 Guigoni
284 3622 415 3730 daiphmo
443 3635 471 3683 et
492 3622 548 3683 suis
576 3621 693 3682 reddere
716 3621 949 3704 quandocumque
971 3623 1089 3702 abipso
1106 3644 1157 3686 seu
1168 3621 1220 3685 alus

149 3719 208 3797 ejus
223 3718 336 3780 nomine
350 3718 470 3780 extiterit
482 3719 640 3801 requisitus,
654 3732 682 3781 et
696 3719 761 3782 inde
777 3719 843 3781 fecit
857 3739 908 3800 pro
923 3719 1056 3800 predictis
1066 3720 1222 3846 homagium

149 3829 178 3878 et
190 3815 425 3913 recqgnIcionem.

192 3932 257 4011 358.
275 3938 353 4008 Item,
366 3932 452 4013 quod.
464 3931 561 4012 publ.
554 3944 764 3994 instrumentum
778 3932 911 4011 scriptum
928 3952 1011 3994 manu
1031 3915 1171 4014 Stephani
1194 3935 1227 3996 de

151 4027 276 4090 Illuriaco
291 4030 401 4106 notarii,
422 4028 473 4091 sub
490 4048 563 4090 anno
580 4027 633 4089 uni
651 4035 933 4104 M⁰CCC⁰IIIIXIIII⁰‚
950 4031 1102 4095 continens
1129 4035 1228 4097 homa·

151 4126 225 4207 gium
238 4127 337 4189 nobilis
353 4125 479 4189 Rollandi
492 4126 528 4205 de
540 4133 636 4207 Veyna
653 4126 798 4205 prestitum
813 4127 892 4187 dom⁰
907 4127 1051 4208 dalphino.
