2716 4784
509 443 687 506 ..2„-

53 564 144 633 ΧΜΜ,
162 567 184 619 1⁰
195 557 310 619 kalend.
328 557 403 635 maii,
422 558 596 620 continentes
609 557 694 640 quad.
713 558 942 641 compositionem
950 559 1071 622 factam
1064 571 1136 622 mter

55 663 245 736 Dragonetum
261 654 296 716 de
307 661 403 717 Monte
417 654 524 717 Albano
540 655 653 716 nomine
670 674 721 717 suo
735 668 763 718 et
774 656 930 740 Raymundi
944 657 1004 741 ejus
1019 639 1077 730 filii,
1100 672 1136 718 cx

52 771 108 814 una
123 764 214 832 parte,
231 763 259 812 et
273 750 466 834 Raymundum
481 751 517 814 de
528 748 696 814 Medullionc
713 751 824 816 nomine
847 771 898 815 suo
913 765 940 815 et
957 751 1034 814 dom⁸
1050 757 1137 814 saure

53 849 112 928 ejus
125 847 230 925 uxoris,
246 866 281 910 ex
300 847 421 924 altera,
413 867 441 910 m
453 868 507 929 qua
522 847 635 930 petebat
646 847 736 910 dictus
752 855 823 932 Ray.
844 848 879 911 de
902 848 1006 912 Medul.
1025 848 1138 911 nomine

52 944 127 1010 dicte
143 947 218 1008 dom.
237 952 324 1008 saure
339 966 355 1007 a
370 945 450 1008 dictis
466 953 551 1027 Drag.
575 959 603 1008 et
619 952 690 1029 Ray.
709 946 768 1025 ejus
780 944 837 1010 filio
851 945 1028 1010 medietatem
1045 948 1138 1010 domi-¹

52 1044 178 1109 nacionis
199 1058 227 1106 et
249 1043 362 1123 honoris
383 1063 466 1125 quem
489 1042 631 1125 predictus
656 1051 743 1125 Drag.
767 1044 875 1124 eteius
900 1044 972 1108 iilius
997 1044 1139 1109 habebant

52 1141 81 1202 in
94 1154 187 1203 castro
202 1141 237 1202 de
248 1140 372 1217 valreas,
388 1141 447 1221 ejus
459 1141 599 1204 territorio
615 1157 643 1202 et
656 1153 816 1204 tenemento
833 1162 882 1204 seu
889 1141 934 1204 alii
944 1142 1138 1206 tenebantno-

53 1237 128 1299 mine
147 1237 243 1318 ipsius,
256 1250 285 1300 et
297 1237 478 1300 medietatem·
494 1236 597 1300 Montis
617 1236 752 1314 Brisonis,
776 1236 1090 1302 medietatem-crimnis
1110 1253 1139 1304 et

52 1347 143 1397 totum
158 1347 278 1397 castrum
293 1333 328 1396 de
343 1334 465 1396 Rosseui
473 1347 501 1397 et
518 1347 645 1416 quartam
659 1348 766 1415 partem
782 1343 941 1420 Qayrane‚
960 1348 989 1399 et
1010 1336 1139 1400 domina-

54 1428 164 1493 cionem
187 1420 309 1492 Villermi
329 1431 365 1494 de
389 1431 505 1494 Mirabel
521 1445 549 1495 et
562 1431 633 1495 duas
653 1431 844 1509 condaminas,
863 1452 979 1515 quarum
997 1453 1052 1495 una
1066 1447 1140 1525 esta

55 1526 132 1589 Rore
153 1527 246 1590 Beier
265 1527 319 1589 alia
342 1527 377 1590 ad
393 1529 532 1606 Mezalon‚
557 1542 586 1593 et
606 1529 753 1592 Girardum
776 1529 896 1591 Fabrum
918 1549 981 1592 cum
996 1549 1046 1594 suo
1063 1543 1141 1596 tene·

54 1637 167 1687 mento:
193 1644 247 1706 que
269 1624 393 1706 predicta
417 1626 560 1689 asserebat
589 1646 651 1689 esse
681 1625 821 1702 Meteline,
851 1627 947 1688 matris
970 1627 1043 1690 dicte
1060 1628 1138 1692 dom.

56 1724 165 1800 Saure3
186 1721 257 1805 item
271 1722 385 1803 petebat
404 1720 525 1787 castrum
542 1722 645 1806 Opigii,
673 1718 748 1804 quod
769 1720 863 1785 iuerat
880 1714 992 1805 Rogcrii
1008 1722 1044 1784 de
1059 1723 1141 1813 Ciay-

54 1820 145 1898 riaco,
157 1819 201 1881 aui
215 1819 340 1900 predicte
353 1827 457 1900 Saure3
472 1836 500 1885 et
509 1834 624 1884 econtra
638 1821 728 1883 dictus
743 1828 829 1902 Drag.
843 1821 955 1883 nomine
969 1839 1020 1882 suo
1030 1833 1059 1882 et
1072 1819 1140 1889 dicti

56 1915 130 2001 Ray.
147 1917 206 1997 ejus
222 1916 269 1979 filii
284 1918 569 2001 negabatptedictum
589 1926 659 2002 Ray.
674 1917 779 1981 etdict.
799 1918 827 1980 d.
846 1924 960 1980 Sauram
971 1917 998 1979 in
1008 1917 1141 1998 predictis

55 2017 162 2080 nullum
176 2017 218 2096 jus
229 2016 332 2079 habere
345 2038 353 2095 3
371 2031 399 2079 et
412 2018 464 2080 fuit
491 2018 565 2081 dicta
591 2016 782 2080 controversia
795 2016 890 2079 sedata
903 2034 954 2097 per
967 2015 1044 2076 dom.
1061 2013 1142 2077 Guil-

55 2110 171 2176 leImum
187 2113 222 2175 de
234 2115 350 2191 Baucio,
367 2115 428 2178 scil.
444 2114 519 2197 quod
541 2115 632 2178 dictus
644 2123 730 2197 Drag.
746 2128 775 2178 et
786 2121 857 2198 Ray.
874 2114 933 2194 ejus
948 2111 1019 2176 filius
1031 2111 1099 2175 dent
1113 2123 1142 2176 et

60 2211 164 2275 cedant
181 2211 255 2274 dicto
273 2220 344 2296 Ray.
357 2212 392 2275 de
406 2213 511 2276 Medul.
526 2214 657 2325 quicquid
674 2212 814 2276 habebant
829 2233 878 2296 per
892 2212 981 2275 senei
998 2211 1141 2294 peralium

58 2308 88 2372 in
103 2323 195 2372 castro
210 2309 245 2372 de
262 2317 364 2373 Sancto
380 2310 552 2389 Marcellino,
569 2311 628 2390 ejus
641 2311 781 2374 territorio
795 2325 822 2374 ct
836 2322 1008 2373 terememo.

103 2406 187 2484 1438.
206 2413 273 2468 Item
277 2406 387 2488 ,qued
408 2407 545 2488 'scriptura
568 2409 619 2489 pe'r
632 2407 745 2470 modum
762 2406 851 2469 littere
869 2400 953 2483 facta,
972 2406 1079 2487 signata
1091 2406 1142 2486 ped

56 2503 225 2584 aphabetum
256 2510 340 2567 manu
356 2491 452 2567 i²oncii
470 2504 614 2586 Stephani,
621 2504 683 2567 sub
705 2523 777 2567 anno
801 2498 889 2581 [inice
905 2510 1014 2565 incarn.
1041 2511 1082 2566 Μο
1083 2494 1142 2566 660

60 2606 168 2676 ΧΧΜο,
183 2606 279 2662 mense¹
292 2600 358 2680 julii,
371 2598 518 2663 continens
532 2601 607 2683 quod
619 2600 747 2662 dominus
761 2601 797 2662 de
804 2596 973 2661 Medulltone
982 2597 1040 2675 dat
1057 2598 1154 2662 donat‘

57 2679 86 2759 in
101 2709 210 2758 acatum
227 2710 392 2778 perpetuum
417 2704 504 2761 Petto·
526 2697 616 2779 Ruphi
634 2711 662 2759 et
678 2696 737 2776 ejus
748 2693 984 2758 successoribus
976 2712 1004 2755 rn
1027 2694 1141 2756 feudum

57 2796 183 2858 francum
192 2807 281 2857 totum
292 2794 358 2856 iilud
375 2795 470 2858 affaire
484 2795 560 2877 quod
571 2793 692 2857 habebat
705 2793 749 2855 vei
762 2782 866 2855 habere
879 2790 1000 2854 debebat
1009 2791 1037 2852 in
1049 2805 1143 2855 castro

58 2891 96 2954 de
114 2892 260 2968 Montolio,
289 2891 377 2954 videi.
406 2905 532 2973 quartam
556 2905 663 2973 partem
680 2891 716 2952 de
734 2889 837 2953 vilario
852 2902 880 2952 et
891 2888 951 2969 eius
962 2888 1103 2969 territorio
1114 2879 1143 2954 ed

58 3001 149 3052 totum
161 2988 229 3050 illud
243 2989 336 3051 affaire
349 2989 424 3099 quod
439 2982 561 3052 imbebat
578 2997 661 3071 Hugo
678 2987 796 3071 Nicolay
810 2986 955 3049 condam'
948 3005 976 3049 m
996 3001 1090 3050 castro
1107 2976 1143 3050 de

59 3085 149 3148 Piiis'
142 3091 215 3148 m'tus
230 3099 257 3148 et
270 3088 360 3163 extra,
375 3086 403 3147 in
417 3085 500 3148 terris
514 3085 594 3148 coitis
618 3097 649 3148 et
672 3104 729 3147 non
745 3085 836 3159 cultis,
853 3083 966 3169 taschiis
981 3097 1009 3147 ct
1021 3084 1080 3147 aliis
1092 3085 1143 3147 do·

59 3182 268 3260 minationibus,
297 3201 350 3264 pro
364 3181 464 3264 quibus
479 3183 547 3246 dict
573 3190 672 3246 Petrus
688 3182 778 3263 Ruphi
800 3162 890 3244 eidem
905 3180 1018 3305 domino
1036 3159 1144 3297 Morini}

60 3279 141 3342 dionis
153 3280 220 3342 iecit
235 3280 1077 3363 homagium·
1092 3298 1096 3311 ·

105 3395 189 3457 ¹439·
206 3383 273 3439 item
277 3377 387 3459 ,quod
403 3377 480 3459 publ
502 3378 715 3442 instrumentum
738 3395 791 3458 per
805 3356 918 3438 modum
935 3352 1141 3436 littereiactutd

59 3494 143 3537 manu
161 3475 235 3536 Petri
254 3476 389 3537 Bemardi
418 3477 529 3554 notarii,
556 3477 608 3539 sub
636 3495 709 3538 anno
726 3482 767 3536 Μο
769 3479 969 3548 cctxxvtw,
995 3489 1030 3532 11⁰
1052 3490 1141 3533 nonas

58 3573 202 3648 februarii,
214 3573 293 3634 dom⁰
306 3574 451 3637 Fredelico
465 3581 651 3637 Remanorum
666 3575 834 3655 imperatore
844 3583 988 3652 regnante,
1004 3568 1141 3650 signatum

59 3691 112 3754 per
126 3670 293 3752 aphabetum
308 3685 337 3734 et
348 3671 481 3735 bullatum
494 3673 569 3735 bulla
591 3672 722 3755 plumbea
736 3671 810 3732 dom¹
827 3667 979 3749 Dragoneti
993 3667 1029 3729 de
1044 3673 1140 3730 Monte

59 3768 178 3845 Albano,
194 3769 340 3831 continens
353 3770 428 3850 quod
442 3770 532 3833 dictus
548 3770 625 3833 dom.
647 3777 823 3849 Dragonetus
846 3765 939 3827 senior
961 3763 1039 3826 dedit
1053 3755 1142 3827 Latilo'

59 3865 96 3928 de
111 3865 292 3927 Mirmurione
310 3879 338 3928 et
355 3865 417 3928 filiis
441 3865 500 3946 ejus
513 3866 642 3930 stardo
664 3879 692 3928 ct
707 3863 796 3926 Latilo
813 3875 918 3925 sextam
936 3872 1042 3942 partem
1057 3864 1140 3941 qua'm

59 3962 204 4026 habebat
196 3982 225 4024 m
241 3977 333 4025 castro
349 3963 385 4025 de
399 3970 543 4046 Cayrana3
559 3983 641 4046 quam
664 3961 842 4025 donationem
865 3965 1042 4040 Dragonetus
1070 3954 1142 4022 fidius

61 4062 219 4147 Raymttitdi
234 4062 270 4124 de
291 4063 386 4124 Monte
403 4061 533 4136 Mbdno,
542 4080 631 4145 nepos
655 4059 721 4122 dicti
747 4058 825 4120 domi
842 4055 1007 4137 Dragoneti,
1019 4055 1142 4120 laudarit

59 4172 89 4222 et
102 4157 288 4236 confirmavit,
305 4171 334 4222 et
348 4158 415 4222 dict.
433 4157 527 4222 Latiis
557 4170 586 4222 et
609 4158 669 4239 ejus
682 4156 741 4220 olii-
738 4175 796 4238 ·pro
807 4154 881 4217 dcta
897 4152 1054 4216 donacione
1068 4150 1141 4217 fece-¹

208 4306 219 4337 ἱ
