2716 4784
126 487 172 550 die
184 491 388 552 xxvmmensis
405 491 483 570 junii,
499 492 644 554 continens
676 506 802 555 tenorem
812 494 955 572 cujusdam
966 495 1055 558 littere
1073 516 1205 560 concesse

125 604 176 665 per
188 584 268 648 dom.
295 586 478 650 llumbertum
504 588 663 669 dalphinum
689 589 873 652 Viennensem
901 591 981 653 d0m0
1004 593 1146 655 Guiffredo
1170 595 1205 657 de

125 681 262 766 Cbeyney
278 684 366 762 militi,
382 685 411 746 in
424 686 524 767 quibus
540 686 699 748 continetur
708 686 860 767 assignatio
877 694 898 749 C
921 688 1051 750 librarum
1065 689 1117 752 sibi
1133 690 1205 753 iacta

123 779 153 841 in
174 780 292 844 baronia
307 782 342 844 de
357 783 461 860 Portis,
479 783 625 846 continens
639 784 727 846 eciam
743 785 901 865 homagium
911 786 1005 868 ligium
1021 787 1110 849 eidem
1126 788 1202 850 dom.

125 876 259 958 dalphino
269 879 413 960 prestitum
425 899 477 961 per
490 880 593 942 dictum
611 881 687 942 dom.
705 880 887 943 Guiffredum.

164 992 236 1052 473.
256 981 336 1050 Item,
356 977 439 1058 qued,
454 977 549 1039 lietera
558 977 587 1039 in
601 975 733 1056 pendenti
747 976 877 1058 sigillata,
887 978 1032 1067 continens
1046 979 1204 1059 homagium
1311 1053 1315 1059 ⁸

122 1069 221 1151 ligium
234 1073 378 1152 prestitum
395 1073 473 1135 dom⁰
487 1074 618 1155 dalphino
630 1093 680 1154 per
692 1072 769 1135 dom.
782 1075 961 1157 Eytheyrium
976 1076 1064 1158 Raybi
1079 1076 1202 1154 militem,

124 1187 177 1248 pro
190 1188 247 1249 quo
257 1169 388 1252 homagio
403 1170 493 1233 dictus
509 1171 585 1232 dom.
605 1170 752 1251 dalphinus
768 1171 844 1234 dedit
855 1172 949 1236 eidem
966 1173 1041 1236 militi
1051 1194 1107 1236 xxv
1121 1175 1205 1237 libras

122 1265 258 1329 annuales
273 1286 357 1348 super
370 1268 489 1349 pedagio
505 1267 612 1330 Servie.

165 1380 237 1442 474.
271 1370 350 1440 Item,
376 1364 463 1446 quod.
487 1364 563 1445 publ.
591 1364 804 1426 instrumentum
833 1357 990 1428 conlectum
1016 1385 1098 1428 manu
1129 1367 1204 1428 Petri

125 1459 291 1540 Montaigno
308 1461 407 1523 notarii
424 1462 475 1524 sub
491 1481 564 1524 anno
594 1461 647 1523 Diri
671 1463 863 1537 1101110111119,
880 1461 925 1525 die
942 1476 985 1523 111³
1009 1463 1111 1527 mensis
1128 1477 1205 1526 octo-

123 1553 195 1632 bris,
210 1559 355 1621 continens
369 1559 444 1641 quod
461 1560 581 1640 lacobus
593 1559 721 1621 dominus
736 1560 847 1621 larresii
866 1574 894 1622 er
918 1562 1029 1624 Beatrix
1052 1563 1111 1641 ejus
1134 1583 1205 1625 uxor

123 1652 246 1715 confessi
265 1655 377 1717 fuerunt
392 1655 495 1719 debere
511 1657 588 1717 dom⁰
603 1655 721 1718 lohanni
738 1655 868 1737 dalphino
890 1677 925 1719 ex
940 1677 1024 1721 causa
1038 1659 1124 1742 mutui
1141 1663 1205 1722 -1'1c

124 1769 182 1812 xxv
198 1746 321 1814 lloren'os
341 1753 411 1814 auri.
434 1814 436 1818 ,
660 1739 664 1746 ’

164 1867 236 1930 474.
258 1856 337 1924 ltem,
369 1849 453 1931 qued.
470 1849 548 1913 litere
561 1849 590 1911 in
615 1848 746 1930 pendenti
770 1848 887 1929 sigillata
901 1849 1011 1912 duobus
1026 1850 1132 1931 sigillis,
1153 1851 1204 1913 sub

123 1948 426 2023 annom0110xc0110,
445 1946 490 2008 die
505 1946 599 2008 martis
624 1946 652 2006 in
677 1944 783 2007 octabis
804 1945 866 2008 festi
895 1939 922 2008 b¹
951 1947 1060 2009 Martini
1075 1948 1202 2031 yemalis,
1289 2025 1295 2039 x

123 2044 301 2106 continentes
320 2045 394 2125 quod
410 2043 495 2105 irater
526 2051 615 2126 Aymo
630 2043 761 2123 magister
791 2042 941 2123 Hospitalis
966 2044 1059 2106 Sancti
1075 2045 1204 2108 Anthonii

123 2141 272 2204 confessus
283 2143 333 2204 luit
343 2142 456 2204 domum
473 2142 615 2223 hospitalis
635 2141 777 2223 Burgondi
790 2140 841 2203 sibi
858 2141 933 2204 dicto
948 2142 1060 2205 nomine
1075 2144 1203 2207 traditam

121 2238 184 2301 fore
200 2259 251 2321 per
262 2239 338 2302 dom.
354 2246 460 2302 Annam
475 2239 644 2319 dalphinam,
669 2256 720 2318 pro
736 2258 792 2299 xxv
808 2237 884 2300 libris
903 2238 1103 2302 redditualibus
1133 2240 1204 2303 datis

123 2336 200 2399 dicto
216 2337 345 2418 hospitali
360 2355 410 2417 per
424 2337 577 2399 lohannem
591 2334 763 2415 dalphinum,
776 2335 888 2397 fratrem
904 2334 977 2396 dicte
994 2335 1073 2396 dome
1085 2343 1174 2399 Anne.

163 2433 236 2511 476.
255 2441 335 2511 ltem,
350 2435 435 2515 qued.
449 2435 544 2496 lietera
558 2431 647 2494 tribus
661 2431 755 2512 sigillis
767 2431 795 2492 in
814 2430 946 2511 pendenti
961 2431 1088 2512 sigillata,
1103 2433 1204 2513 scripta

122 2529 177 2593 sub
189 2551 264 2593 anno
283 2531 457 2593 Diti⁴11⁰cco
471 2545 586 2612 octuago
602 2535 664 2605 111⁰,
691 2528 837 2591 continens
864 2528 1005 2609 quoddam
1020 2530 1205 2609 compromis-

123 2647 186 2690 sum
205 2629 309 2692 factum
323 2629 469 2692 inter-illem
483 2629 572 2689 virum
589 2629 665 2688 dom.
687 2627 870 2690 Humbertum
887 2625 1046 2706 dalphinum
1062 2626 1204 2689 Viennen-

124 2743 184 2786 sem
197 2746 232 2789 err
242 2747 297 2789 una
311 2740 390 2808 parte
400 2740 428 2788 er
441 2725 517 2787 dom.
533 2722 829 2799 Odorlemlllamandi,
844 2722 1007 2785 canonicum
1018 2734 1046 2784 et
1055 2723 1203 2786 mistralem

124 2825 234 2887 vienne
248 2844 299 2905 pro
314 2827 381 2886 venli
392 2823 453 2885 viro
466 2823 543 2884 dom.
561 2820 708 2883 Guillelmo
721 2820 756 2882 de
764 2820 952 2896 claromonte,
966 2819 1072 2881 decano
1087 2821 1204 2884 ecclesie

125 2922 303 2998 Viennensis,
327 2921 373 3002 qui
391 2939 421 2982 se
441 2918 691 3000 compromiserunt
706 2916 735 2978 in
758 2916 907 2978 Falconem
935 2915 1076 2978 dominum
1103 2919 1204 2982 Montis

125 3021 227 3105 Canuti
239 3040 290 3102 pro
298 3020 377 3082 domo
390 3018 520 3099 dalphino
535 3030 563 3079 er
571 3017 600 3079 in
612 3017 701 3097 ipsum
710 3015 786 3077 dom.
799 3015 925 3078 Odonem
933 3034 985 3096 pro
997 3015 1072 3079 dicto
1082 3017 1200 3094 decano,

123 3138 210 3202 super
225 3117 371 3201 questione
387 3137 469 3198 quam
485 3115 626 3178 habebant
649 3114 685 3176 de
702 3112 835 3176 mistralia
846 3113 963 3175 Vienne.
995 3171 1000 3178 .

162 3235 234 3296 477.
252 3221 331 3290 Item,
346 3212 451 3294 quodd.
467 3213 677 3275 instrumentum
702 3210 780 3292 publ.
797 3209 930 3290 scriptum
947 3227 1030 3270 manu
1046 3209 1121 3271 Petri
1134 3215 1204 3269 Por-

124 3314 191 3377 tulis
211 3313 322 3390 notarii,
337 3311 389 3373 sub
405 3329 478 3372 anno
497 3309 551 3371 Diri
567 3315 784 3385 M⁰CCC⁰11V1⁰,
813 3307 958 3370 continens
982 3306 1203 3387 assignationem

124 3413 227 3477 factam
255 3412 334 3473 dom0
361 3408 492 3491 dalphino
520 3426 571 3487 per
583 3420 680 3487 gentes
694 3407 786 3489 regias
795 3406 831 3469 de
846 3419 938 3468 castro
968 3403 1004 3465 de
1029 3403 1202 3466 Montonoin

122 3508 256 3573 lllvemia
266 3490 342 3570 et'de
356 3505 475 3587 pedagio
490 3503 585 3565 Brolii.

138 3622 141 3627 ’
241 3670 243 3675 ⁴
364 3617 366 3622 ’
567 3611 612 3664 DE
631 3608 776 3665 vlnNNn.
866 3652 868 3657 ,

163 3703 234 3784 478.
253 3709 332 3776 ltem,
350 3699 456 3780 quodd.
473 3700 685 3782 instrumentum
702 3695 780 3777 publ.
804 3695 936 3775 scriptum
962 3713 1045 3756 manu
1077 3693 1203 3774 Hugonis

120 3799 265 3864 Bochardi
281 3811 309 3860 et
318 3797 502 3878 subscriptum
526 3810 553 3858 et
567 3795 704 3876 signatum
723 3810 805 3854 manu
821 3792 897 3854 Petri
909 3792 944 3855 de
969 3791 1104 3855 Escalone
1121 3805 1203 3854 nota-

118 3899 230 3961 riorum
244 3895 361 3978 public.,
378 3894 430 3956 sub
442 3914 516 3957 anno
530 3894 584 3955 Dr'ri
598 3897 829 3966 111⁰CCC‘31111110,
848 3889 893 3951 die
914 3888 1032 3953 mercuri
1047 3889 1074 3950 in
1092 3888 1163 3951 festo
1176 3887 1202 3949 b'

118 3993 276 4069 vincentii,
292 3991 437 4055 continens
452 3991 585 4052 unionem·
598 4002 626 4051 et
639 3986 844 4051 convenciones
866 3985 968 4047 inhitas
980 3998 1008 4046 et
1026 3984 1114 4046 lactas
1132 3984 1203 4046 inter

117 4087 312 4154 reverendum
327 4087 356 4148 in
371 4087 468 4168 xpisto
483 4101 589 4167 patrem
604 4083 755 4146 Briandum
765 4083 949 4146 Viennensem
964 4082 1201 4162 archiepiscopum
