2716 4784
506 418 509 424 '
597 415 755 460 -21-

134 524 220 587 latina
232 539 260 586 et
276 526 367 608 layca,
386 539 504 605 quatuor
522 526 617 606 sigillis
637 527 665 588 in
687 528 819 607 pendenti
840 529 969 609 sigillate,
997 531 1173 592 continentes
1187 531 1214 591 in

134 621 235 682 effectu
250 622 450 683 assedicionem
466 623 565 683 iactam
579 642 629 702 per
642 623 717 684 dom.
734 643 828 703 regem
844 625 959 687 Francie
976 645 1025 687 seu
1046 627 1104 704 ejus
1118 626 1216 688 comis·

135 718 226 780 sarios
238 718 318 779 domo
334 718 465 799 dalphino
476 718 636 795 Viennensi,
654 719 689 781 de
704 719 812 782 duabus
822 720 931 783 milibus
941 721 1017 784 libris
1032 729 1174 784 Toronen.
1188 723 1215 783 in

135 814 407 896 baylliviablvemie
424 814 451 875 in
466 814 619 877 redditibus
641 815 816 892 annualibus,
842 837 897 898 que
914 817 1008 880 lictere
1032 809 1133 899 scripte
1152 819 1216 881 fue-

135 925 203 974 runt
215 912 244 974 in
260 912 322 974 loco
338 912 374 974 de
392 912 531 993 Langiaco
552 925 581 974 et
600 912 628 973 in
650 912 719 974 locis
739 913 941 976 circumvicinis
958 916 1025 976 etin
1042 928 1165 977 mercato
1180 916 1216 977 de

138 1008 245 1084 Brolio,
261 1009 313 1070 sub
329 1027 402 1070 anno
420 1009 473 1070 Diti
500 1016 712 1086 nt⁰ccc⁰xvt⁰,
732 1010 778 1072 die
799 1011 892 1073 martis
911 1011 939 1072 in
960 1012 1053 1093 vigilia
1077 1014 1217 1094 apostolo-

137 1124 200 1166 rum
216 1105 345 1188 symonis
363 1119 391 1167 et
401 1106 482 1168 tude.
1023 1161 1026 1164 ,

182 1221 230 1283 93.
249 1210 328 1279 ltem,
344 1203 428 1284 qued.
444 1203 538 1266 lictere
553 1204 589 1265 ab
598 1203 732 1266 excellen.
748 1205 859 1267 domina
878 1203 955 1267 dom³
970 1212 1048 1267 Bona
1076 1206 1215 1288 duxi(ss)a
1240 1266 1251 1288 ,

137 1296 321 1376 Normandie,
339 1300 499 1381 exequtrixe
518 1301 674 1363 testamenti
691 1302 768 1363 dom⁰
784 1303 871 1364 Marie
887 1303 923 1364 de
942 1303 1109 1380 Brabancio,
1131 1304 1217 1366 comi-

136 1397 205 1459 tisse
220 1396 368 1473 sabaudie,
388 1412 515 1459 emanate
533 1399 647 1479 eiusque
665 1399 754 1480 sigillo
771 1419 835 1462 cera
850 1399 937 1482 rubea
950 1401 978 1461 in
993 1401 1124 1481 pendenti
1143 1400 1217 1482 sigil-

137 1495 204 1569 late‚
220 1495 322 1575 scripte
335 1495 408 1576 linga
422 1495 519 1575 gallica
534 1495 586 1557 sub
599 1516 672 1558 anno
692 1496 745 1558 Diti
761 1504 957 1573 M⁰CCC⁰XL⁰‚
972 1497 1017 1560 die
1036 1512 1088 1558 nna
1115 1499 1216 1560 mensis

137 1592 246 1668 marcii,
258 1593 432 1654 continentes
444 1594 519 1673 quod
533 1594 592 1674 ipsa
601 1594 677 1655 dom.
688 1594 817 1656 duchissa
827 1595 953 1657 confessa
966 1595 1017 1656 fuit
1028 1595 1157 1657 habuisse
1166 1615 1216 1676 pro

138 1690 242 1753 duario.
260 1690 338 1752 dome
353 1691 440 1752 Marie
452 1691 488 1752 de
502 1689 651 1767 sabaudia,
672 1689 784 1752 domine
799 1691 959 1772 Fucigniaci
973 1693 1103 1768 condam,
1119 1706 1217 1775 quater

138 1788 212 1849 mille
226 1790 346 1849 florenos
358 1788 393 1850 de
409 1788 548 1851 Florentia
563 1809 578 1850 a
594 1789 671 1850 dom⁰
687 1788 812 1850 soffredo
827 1789 863 1850 de
881 1789 967 1850 Arciis
981 1789 1066 1851 milite
1083 1803 1111 1851 et
1127 1797 1217 1851 llum*

138 1885 219 1947 berto
235 1878 327 1960 Pilati,
344 1886 515 1948 solventibus
529 1887 641 1948 nomine
653 1887 727 1948 dom¹
738 1885 872 1967 dalphini,
890 1886 918 1947 in
937 1884 1137 1947 extenuacione
1155 1903 1217 1945 ma-

137 1981 205 2062 joris
217 2001 323 2044 summe
338 1983 403 2045 dicti
420 1984 507 2045 duarii
522 1984 549 2046 in
570 2005 625 2065 qua
639 1984 729 2046 dictus
750 1984 826 2046 dom.
849 1982 995 2064 dalphinus
1013 1980 1188 2063 (tenebatur)
1207 2001 1215 2058 3

138 2099 194 2161 que
209 2079 320 2161 quidem
340 2080 435 2142 lictere
454 2080 642 2161 quoroborate
658 2094 722 2144 sunt
738 2080 858 2163 quadam
887 2080 982 2143 lietera
1006 2092 1143 2140 annexata
1166 2077 1217 2139 sub

138 2176 230 2258 sigillo
243 2177 417 2259 prepositure
432 2178 564 2241 Parisius.

175 2283 209 2337 Et
223 2283 321 2337 luerunt
335 2292 393 2355 post
408 2281 471 2338 illico
485 2283 595 2356 predicte
619 2282 686 2338 litere
709 2283 815 2356 reposite
839 2283 862 2337 in
886 2280 976 2337 scrinio
999 2281 1041 2337 ubi
1064 2292 1122 2350 sunt
1145 2297 1218 2355 paces

139 2369 233 2426 domini
247 2370 326 2425 nostri
340 2368 449 2443 dalphini
468 2379 493 2426 et
511 2369 607 2426 comitis
622 2369 756 2443 Sabaudie,
771 2379 797 2425 et
811 2369 962 2425 invenientur
978 2368 1000 2423 in
1014 2387 1044 2425 eo
1059 2369 1119 2425 inira
1134 2388 1217 2444 quant·

139 2458 197 2513 dam
214 2475 327 2531 magnam
343 2446 438 2513 cairam.

181 2583 230 2644 94.
263 2570 343 2638 item,
370 2563 475 2644 quodd.
503 2565 575 2626 aliud
605 2564 815 2626 instrumentum
842 2563 974 2643 scriptum
991 2582 1074 2625 manu
1087 2563 1219 2625 iohannis

142 2659 263 2722 Nicoleti
276 2660 374 2721 notarii
387 2659 477 2740 publ,
492 2661 544 2722 sub
559 2680 632 2723 anno
651 2661 705 2721 uni
721 2655 971 2734 M⁰ccc⁰xxxv⁰‚
991 2659 1037 2721 die
1053 2679 1102 2720 xva
1117 2660 1219 2722 mensis

140 2756 249 2838 aprilis,
272 2757 360 2837 sigillo
379 2756 491 2819 illustris
511 2757 562 2819 viri
584 2756 717 2819 Ludovici
740 2756 853 2835 junioris
874 2755 982 2818 comitis
1002 2756 1037 2817 de
1058 2752 1217 2837 Octingien,
1297 2746 1298 2749 ¹

132 2854 228 2935 ,legati
250 2853 279 2916 in
301 2854 354 2915 hac
376 2867 454 2934 parte
473 2868 500 2916 et
523 2853 651 2916 destinati
673 2873 722 2935 per
741 2853 945 2916 serenissimum
967 2853 1117 2934 principem
1141 2854 1217 2915 dom.

143 2950 318 3014 Ludovicum
332 2958 521 3013 Romanorum
542 2951 749 3032 imperatorem,
768 2951 796 3012 in
806 2950 938 3032 pendenti
953 2970 1015 3013 cum
1041 2950 1087 3013 lilo
1103 2951 1176 3013 sirici
1193 2966 1220 3014 et

140 3048 223 3109 viridi
244 3066 307 3110 cera
329 3049 414 3111 rubea
441 3049 599 3130 sigillatum,
623 3049 767 3112 continens
787 3049 995 3111 concessionem
1020 3049 1120 3110 factam
1141 3048 1220 3108 dom⁰

142 3144 302 3206 Humberto
327 3145 457 3225 delphino
481 3146 629 3207 Viennensi
654 3167 703 3228 per
719 3147 822 3209 dictum
840 3147 916 3208 dom.
940 3147 1061 3227 legatum
1078 3146 1113 3207 de
1133 3165 1220 3225 regno

141 3242 249 3305 Vienne
259 3255 287 3303 et
301 3241 478 3320 pertinenciis
486 3241 620 3321 ejusdem.

183 3358 233 3419 95.
251 3345 331 3417 ltem,
342 3339 428 3420 quod.
441 3339 514 3400 aliud
526 3340 666 3419 publicum
676 3340 888 3402 instrumentum
899 3339 1032 3419 scriptum
1043 3357 1125 3399 manu
1137 3342 1223 3398 Pero-

141 3436 200 3498 neti
210 3434 319 3521 viviani
339 3448 367 3498 et
379 3449 522 3516 receptum
537 3457 620 3498 manu
637 3436 771 3519 Guigonis
785 3434 927 3498 Pellecerii
944 3435 1113 3497 notariorum
1128 3433 1219 3514 publ,

143 3532 196 3595 sub
216 3551 289 3593 anno
312 3532 365 3594 uni
390 3539 590 3610 m⁰ccc⁰x11⁰,
614 3533 711 3596 indict.
731 3547 772 3607 κθ,
793 3532 839 3594 die
854 3549 897 3592 111²
911 3531 1013 3593 mensis
1027 3530 1120 3606 madii,
1135 3529 1223 3593 conti·

144 3648 215 3691 nens
230 3629 259 3690 in
280 3628 379 3690 effectu
397 3630 472 3710 quod
487 3630 598 3692 illustris
610 3630 721 3691 domina
735 3629 812 3690 doma
831 3627 972 3704 Katerina,
983 3627 1037 3689 tilia
1048 3627 1159 3690 illustris
1170 3628 1222 3689 viri

145 3725 224 3786 dom.
241 3724 386 3787 Humberti
397 3725 520 3806 dalphini
530 3726 704 3802 Viennensis,
715 3725 861 3787 attendens
874 3737 977 3786 certam
991 3725 1083 3787 dotem
1097 3725 1148 3787 sibi
1160 3726 1224 3787 fuis-

144 3841 175 3883 se
187 3821 352 3901 promissam
369 3841 418 3902 per
430 3822 506 3884 dom.
525 3825 678 3886 lohannem
695 3823 855 3903 dalphinum
869 3810 966 3884 illustri
983 3823 1043 3885 viro
1057 3823 1133 3885 dom.
1155 3823 1222 3884 Phi-

143 3919 221 3999 lippo
234 3919 270 3980 de
286 3918 435 3996 sabaudia,
448 3921 564 4002 principi
578 3931 704 4003 Aquaye,
714 3921 773 4001 ipsa
784 3920 871 3998 dedit,
886 3920 1010 3996 donavit,
1023 3921 1106 3984 cessit
1116 3935 1143 3983 et
1152 3940 1223 3983 con·
1288 3974 1292 3979 .

145 4013 230 4076 cessit
243 4014 423 4077 eidem‘dom.
439 4017 556 4079 iohanni
572 4018 648 4079 fratri
666 4037 717 4079 suo
737 4037 819 4079 omne
836 4017 879 4096 jus
891 4038 1056 4101 omnemque
1071 4019 1220 4093 actionem,

145 4128 264 4193 partem,
281 4114 436 4194 portionem
453 4115 540 4197 quod,
563 4135 644 4198 quant
665 4135 715 4178 seu
729 4137 798 4198 quas
815 4116 935 4181 habebat
948 4117 977 4180 in
999 4116 1128 4180 omnibus
1144 4114 1224 4176 bonis
